4012 5662
996 237 997 240 ’
1053 219 1075 287 3

277 436 280 441 ·
311 452 316 460 ·
345 419 506 488 x,34,5.:
547 419 700 506 Traiana,
731 423 787 506 qui
817 422 1076 508 patronorum
1095 426 1170 507 jura
1204 425 1350 490 restituit
1368 423 1423 512 (ν.
1444 428 1473 492 3,
1493 424 1543 514 4),
1567 427 1646 492 dicit
1675 432 1786 512 poeta:

185 545 214 587 es
236 529 272 587 ut
287 527 388 607 possis
411 530 523 589 totum
546 547 667 593 seruare
689 524 833 595 ciicmem.
878 529 925 595 Ut
949 532 1197 595 totum'ciieutem
1217 553 1289 596 cum
1309 533 1473 598 veteribus
1493 533 1670 599 editoribus
1690 534 1725 598 in
1741 558 1798 621 erp

185 651 286 694 omues
317 634 394 696 ciues
425 632 584 698 Romanos
615 640 651 698 ut
681 640 748 699 tuos
780 633 815 722 (i.
834 659 860 701 e.
879 635 1102 724 imperatoris)
1134 639 1268 723 clicuteS,
1301 661 1338 703 eo
1372 640 1479 704 minus
1513 643 1624 724 potest
1651 641 1735 726 fieri,
1764 664 1798 725 qr

60 829 62 833 ἲ
184 737 421 820 epigrammate
452 745 563 824 aperte
594 735 739 805 clientes
761 746 794 805 et
825 745 955 827 patroni
985 744 1134 809 interse
1165 750 1382 829 opponuntur.
1437 744 1583 812 Conicio:
1615 749 1727 812 etiam
1755 768 1798 813 scr

87 855 89 858 ’
183 841 269 908 Nam
291 850 329 909 ut
353 851 448 910 totum
471 847 618 932 ineptum
642 851 706 933 est,
729 848 777 912 lta
799 850 892 913 etiam
914 850 1003 914 vocis
1027 851 1118 915 notio
1142 853 1333 917 necessaria.
1449 922 1451 927 ⁴

322 989 428 1062 <x1v‚
444 988 497 1049 26:
660 988 805 1055 Caustica
829 991 1008 1056 Teutonicos
1030 993 1166 1056 acceudit
1187 982 1298 1075 spuma
1320 994 1466 1075 capillos:

770 1097 908 1180 Captiuis
924 1100 1041 1181 poteris
1063 1099 1173 1163 cultior
1195 1119 1257 1163 esse
1279 1102 1381 1164 comis.

181 1236 302 1301 Mirum
324 1237 453 1303 videtur
482 1243 651 1322 saponem,
680 1262 743 1323 quo
768 1239 856 1304 Galli
887 1244 919 1304 et
944 1239 1098 1305 Germani
1121 1241 1225 1306 crines
1248 1239 1443 1323 rutilabant,
1475 1243 1678 1324 causticam
1701 1252 1795 1325 spum

181 1343 268 1409 Nam
298 1345 514 1409 causticcrum
546 1368 615 1411 eam
641 1347 705 1410 vim
731 1369 815 1430 esse,
843 1352 880 1411 ut
907 1347 1043 1431 pusulae
1073 1348 1108 1411 in
1138 1350 1211 1412 cute
1243 1353 1317 1411 usta
1339 1349 1421 1413 fiant
1444 1349 1567 1433 pilique
1592 1349 1794 1434 decidant,e

180 1452 323 1516 naturali
345 1452 484 1516 historia
507 1449 558 1538 (ut
580 1452 702 1537 XXVI,
717 1453 768 1517 65.
801 1452 941 1538 XXVII,
957 1454 1007 1518 72.
1024 1451 1078 1539 77)
1105 1455 1315 1519 notissimum
1341 1459 1405 1519 est:
1441 1477 1545 1540 neque
1571 1459 1702 1540 poterat
1726 1456 1762 1520 in
1789 1479 1794 1515 i

182 1559 314 1643 capillo,
332 1582 373 1623 ne
391 1560 592 1624 medicamen
611 1552 789 1644 attingeret
808 1564 928 1644 cutem,
947 1561 1063 1625 caveri.
1100 1559 1163 1625 Sed
1182 1559 1313 1626 omnino
1333 1584 1412 1646 sapo
1431 1562 1499 1625 vim
1517 1563 1695 1626 causticam
1709 1563 1793 1627 nonl

181 1666 243 1730 etsi
274 1689 347 1730 eum
371 1666 512 1749 legimus
542 1667 576 1729 in
600 1657 743 1731 caustica
772 1660 918 1755 missum
932 1690 1016 1732 esse:
1047 1690 1151 1751 neque
1182 1669 1268 1732 enim
1292 1669 1486 1733 exurebatur
1513 1690 1550 1732 eo
1574 1669 1684 1734 fuscus
1708 1669 1793 1754 capil

181 1772 238 1836 sed
260 1772 451 1837 illinebatur
473 1773 563 1837 color
585 1773 703 1838 rutilus
728 1773 870 1837 crinibus
894 1775 1065 1858 praecipue
1090 1774 1178 1838 canis
1202 1771 1311 1860 (Mart.
1331 1774 1417 1859 XIV,
1441 1776 1500 1839 27:
1535 1796 1631 1852 caua‚·
1671 1776 1709 1840 cf.
1728 1776 1792 1841 etia

181 1901 208 1943 a.
224 1902 251 1943 a.
265 1878 329 1963 III,
351 1877 443 1964 163),
466 1902 548 1964 quae
568 1884 677 1944 autem
696 1878 890 1946 Plutarchus
909 1881 943 1945 in
958 1882 1021 1945 fine
1035 1881 1112 1945 libri
1127 1881 1278 1945 amatorii
1293 1881 1332 1944 de
1348 1879 1462 1945 Sabini
1476 1904 1575 1946 uxore
1588 1887 1702 1970 narrat
1717 1879 1792 1966 (ah

43 1956 64 2061 Α,
180 1990 452 2050 commemoratus
481 1985 601 2051 Sabiaa
623 1986 653 2071 I,
670 1975 776 2073 138),
791 1987 819 2050 si
850 1989 981 2052 omnino
1012 1987 1053 2052 ad
1077 2009 1245 2072 saponem,
1276 2009 1340 2071 qua
1370 1988 1467 2052 dere
1491 1987 1584 2052 valde
1612 1989 1741 2074 dubito,
1766 2011 1791 2053 c<

180 2092 221 2156 ad
244 2093 311 2157 vim
335 2094 512 2158 causticam
530 2096 727 2178 pusulasque
750 2094 915 2159 faciendas
938 2096 1103 2178 pertinent
1126 2090 1287 2179 (λίπασμα
1312 2089 1561 2181 cccccccccc).
1607 2095 1698 2159 Libri
1727 2117 1790 2160 non

181 2196 338 2284 Caustica,
366 2201 422 2266 sed
450 2200 570 2284 partim
601 2197 750 2266 Castico
785 2197 825 2286 (P
852 2201 930 2266 fam.
953 2199 1011 2286 0²)
1046 2201 1166 2285 partim
1201 2201 1347 2267 Cattica
1381 2197 1539 2284 (Ohaticas
1566 2199 1617 2287 T).
1670 2201 1777 2287 Ergo,

180 2308 375 2372 adiectivum
412 2303 603 2371 Obatticus
638 2307 711 2370 aliis
745 2307 826 2371 locis
861 2329 926 2372 non
960 2308 1137 2392 invenitur,
1172 2313 1282 2372 tamen
1315 2307 1384 2372 sine
1416 2307 1514 2371 dubio
1549 2304 1787 2374 Chattica

180 2414 382 2478 scribendum
398 2417 463 2498 est,
477 2414 563 2497 quod
577 2413 644 2477 iam
659 2414 888 2478 Bcucriaudum
902 2415 1111 2499 proposuisse
1125 2436 1164 2478 ex
1178 2413 1333 2478 Lemairii
1348 2414 1490 2479 editione
1504 2414 1607 2480 vidc0.
1641 2413 1689 2479 Of.
1699 2413 1781 2479 VIII

178 2526 207 2585 ct
228 2527 329 2585 mutat
350 2521 461 2585 Latias
483 2525 594 2603 spuma
616 2520 765 2585 Bataua
788 2541 899 2586 eomas.
945 2520 1109 2586 Conficere
1134 2525 1244 2586 autem
1271 2542 1414 2602 spumam
1437 2520 1530 2584 illam
1558 2525 1595 2585 ut
1623 2543 1640 2584 e
1664 2521 1770 2586 Gallis

178 2628 226 2692 ita
249 2650 266 2692 e
289 2627 458 2692 Germanis
483 2626 621 2692 Chattos
651 2632 787 2712 apparet
816 2628 964 2712 proximo
995 2629 1228 2714 epigrammate
1248 2624 1350 2714 (XIV,
1373 2624 1445 2712 27),
1474 2627 1531 2691 ubi
1551 2629 1639 2710 pilae
1655 2629 1787 2693 Mattiac

178 2739 413 2820 memorantur,
443 2734 635 2799 Mattiacum
659 2735 746 2799 enim
770 2740 820 2799 est
842 2736 921 2800 urbs
944 2733 1152 2820 Chattorum,
1176 2740 1209 2800 et
1232 2757 1348 2818 spuma
1371 2735 1454 2798 fiunt
1477 2735 1564 2819 pilae
1587 2735 1734 2820 saponis,
1756 2755 1787 2799 cu

179 2841 285 2904 infusa
308 2845 468 2906 teruntur.

337 2986 381 3054 Χ,
396 2984 444 3063 71,
459 2984 492 3044 5:
525 2983 565 3046 ln
588 2982 754 3068 epitaphio
779 2988 952 3067 parentum
971 2984 1108 3067 Rabirii,
1128 2984 1184 3067 qui
1203 2983 1353 3048 videntur
1368 2983 1464 3047 ambo
1480 2985 1592 3048 eadem
1606 2989 1701 3049 nocte
1716 3007 1786 3050 esse

177 3089 239 3152 Bis
268 3109 321 3153 sea
351 3089 451 3153 lustra
478 3091 537 3154 tori
566 3100 634 3154 aaa
655 3092 739 3154 mitis
762 3096 795 3169 vet
815 3091 928 3155 ultima
950 3091 1047 3155 clusit.
1093 3088 1222 3161 Vitiosa
1246 3089 1405 3154 adiectiva
1427 3092 1513 3155 mitis
1536 3095 1569 3155 et
1591 3092 1704 3155 ultima
1725 3106 1785 3175 par

177 3196 370 3280 iunguntur,
394 3195 563 3260 dicendum
583 3202 653 3262 erat
671 3199 756 3262 mitis
774 3219 837 3262 (((α
855 3199 976 3262 ultima.
1012 3197 1100 3263 Nam
1117 3196 1172 3261 hic
1189 3219 1256 3260 non
1273 3202 1388 3261 noctem
1407 3194 1543 3281 Stygias
1563 3201 1764 3262 mortuorum
1777 3208 1784 3228 '¹

178 3303 376 3387 significare,
399 3303 593 3373 seduoctem
615 3306 758 3367 ultimam
780 3305 888 3388 ipsum
913 3290 1071 3370 moriendi
1090 3308 1232 3389 tempus,
1251 3308 1385 3388 propter
1403 3325 1516 3368 vocem
1535 3306 1620 3369 mitis
1639 3325 1784 3368 necessat

177 3411 293 3493 Itaque
317 3409 440 3474 conicio
463 3430 526 3473 aaa
548 3410 633 3473 mitis
656 3415 685 3474 ct
705 3412 824 3475 uaica.
856 3411 950 3475 uuica
972 3432 1030 3494 pro
1054 3432 1120 3474 uua
1142 3411 1286 3495 positum
1310 3413 1373 3495 est,
1397 3416 1434 3475 ut
1453 3411 1482 3496 I,
1504 3411 1581 3490 103,
1600 3411 1619 3474 8
1639 3409 1785 3492 (explicat

178 3518 289 3580 ciuica
318 3537 425 3580 measa
446 3517 540 3601 duas)
568 3521 601 3581 et
629 3517 793 3602 significat
820 3521 972 3600 parentes
996 3517 1123 3581 Rabirii
1146 3539 1211 3580 non
1234 3517 1331 3592 modo
1356 3517 1452 3582 celeri
1476 3521 1594 3601 morte,
1617 3516 1674 3580 sed
1697 3516 1782 3600 etian

179 3624 292 3688 eadem
321 3626 417 3687 nocte
447 3623 638 3708 absumptos
669 3646 754 3709 esse,
783 3628 820 3687 ut
848 3625 996 3708 proximo
1020 3645 1115 3688 versu
1140 3622 1283 3688 additur:
1306 3629 1451 3688 arseruut
1471 3644 1534 3688 uuo
1555 3623 1669 3704 fuuera
1692 3623 1765 3690 birca

179 3730 382 3814 Quamquam
401 3752 452 3794 me
470 3730 644 3814 aliquando
665 3731 799 3796 dubium
812 3731 888 3795 fecit
907 3731 946 3795 de
966 3730 1150 3795 coniectura
1165 3753 1246 3815 mea,
1265 3731 1352 3814 quod
1367 3730 1496 3814 saepius
1511 3730 1546 3794 in
1559 3728 1721 3794 Martialis
1736 3751 1781 3794 car

177 3838 285 3901 iocose
309 3837 498 3921 compositis
521 3857 675 3920 magnam
698 3838 854 3902 sermonis
878 3838 1122 3923 neglegentiam
1146 3836 1352 3921 deprehendi.
1398 3836 1507 3921 Atque
1536 3859 1574 3901 ex
1598 3836 1711 3900 ceteris
1734 3836 1780 3901 lib

177 3945 274 4008 huius
299 3945 427 4028 generis
449 3944 575 4028 notavi,
597 3944 662 4008 nisi
684 3945 747 4009 huc
770 3945 932 4029 pertinere
955 3947 1109 4028 putamus
1132 3943 1220 4028 XIV,
1245 3945 1301 4008 33:
1332 3943 1461 4027 Pupio,
1484 3964 1573 4025 quem
1595 3964 1690 4008 curua
1711 3943 1779 4026 sipi

179 4052 277 4115 orbita
310 4071 400 4131 ceria,
435 4050 641 4114 Stridentem
668 4052 777 4134 pelidis
806 4052 899 4115 huuc
928 4049 1003 4115 Salo
1034 4052 1128 4114 timuit
1155 4052 1246 4133 aquis
1276 4056 1309 4115 et
1338 4049 1427 4135 XIV,
1444 4051 1521 4135 114,
1557 4050 1614 4114 ubi
1647 4053 1747 4133 poeta
1774 4073 1779 4134 j

102 4216 103 4220 ,
180 4156 359 4222 Cumanam
378 4157 457 4221 dicit
476 4153 635 4222 Cumanae
653 4158 855 4222 rubicundam
869 4158 994 4246 puluere
1012 4162 1136 4242 testae,
1155 4179 1219 4242 quo
1238 4162 1349 4222 tamen
1367 4157 1437 4220 loco
1456 4161 1556 4242 recte,
1573 4156 1638 4220 nisi
1656 4155 1769 4242 fallor,

179 4264 312 4345 (Philol.
326 4263 489 4347 Anneiger
511 4263 569 4348 IV,
584 4260 664 4350 374)
688 4286 747 4349 pro
772 4269 862 4329 testae
885 4264 1022 4339 coniecit
1040 4269 1151 4350 terrac,
1170 4286 1243 4329 cum
1263 4263 1347 4349 quod
1366 4262 1543 4328 Scriverius
1563 4286 1636 4328 cum
1655 4262 1749 4327 libris
1766 4285 1777 4349 1

178 4371 321 4435 familiae
341 4369 386 4435 0²
400 4370 511 4454 posuit
524 4368 681 4451 (Cumauc
768 4371 890 4453 testam)
904 4370 1155 4456 interpolatione
1170 4375 1278 4435 ortum
1292 4392 1362 4434 esse
1376 4369 1534 4434 librorum
1548 4369 1743 4434 lectionibus
1756 4367 1776 4433 d

178 4477 345 4566 perpensis
363 4477 458 4541 facile
473 4477 692 4563 intellegatur.
723 4480 763 4544 In
777 4481 848 4563 ipso
863 4499 939 4542 vero
958 4477 1043 4540 libro
1063 4479 1201 4563 decimo,
1219 4480 1336 4541 utnon
1351 4497 1598 4541 commemorem
1617 4474 1776 4558 apuuml

179 4582 236 4669 (X,
250 4584 306 4669 51,
323 4582 355 4669 1)
379 4583 521 4668 aliaque,
551 4607 634 4668 quae
663 4585 747 4669 apud
778 4589 902 4648 ceteros
930 4606 1059 4668 quoque
1082 4585 1172 4649 illius
1203 4583 1320 4647 aetatis
1349 4586 1462 4667 poetas
1491 4587 1675 4667 occurrunt,
1701 4583 1775 4649 hae<

178 4691 222 4775 X,
236 4692 292 4775 24,
306 4692 337 4755 4.
351 4691 384 4755 5:
407 4691 660 4774 quiaquaqestac
683 4692 746 4755 liba
768 4693 985 4773 septimamque
1006 4693 1112 4756 cestris
1135 4692 1278 4754 addimus
1300 4689 1380 4753 hauc
1403 4689 1480 4770 fecis
1504 4711 1656 4774 acerram,
1678 4688 1737 4754 ubi
1761 4689 1774 4753 i

179 4800 523 4880 eratquiuquapesima
545 4799 674 4881 septima
698 4799 760 4862 liba
783 4803 811 4861 et
832 4800 1117 4881 quiuquapesimam
1138 4798 1298 4880 septimam
1321 4817 1473 4879 acerram,
1496 4819 1692 4881 quamquam
1714 4797 1750 4861 in
1769 4823 1773 4856 (

78 4902 79 4906 ’
179 4908 276 4987 poeta
306 4904 449 4990 scripsit,
479 4905 601 4990 minus,
633 4928 729 4990 quam
759 4927 833 4990 nos,
860 4910 940 4990 puto
963 4906 1128 4970 Romanos
1153 4903 1340 4969 offendisse:
1362 4925 1439 4967 nam
1462 4903 1496 4966 id
1518 4903 1625 4987 ipsum
1650 4901 1773 4987 quodi

179 5017 262 5096 erat,
284 5014 538 5097 quiuquapesima
559 5014 687 5094 septima
712 5013 774 5079 liba
797 5009 863 5100 ((11(
885 5012 1083 5099 fiinfzigsteu
1107 5011 1171 5099 und
1196 5011 1363 5078 siebenten
1388 5005 1535 5099 Kuchen)
1560 5009 1625 5078 iam
1649 5009 1772 5088 dimidii

1687 5132 1718 5188 1*
