4012 5662
108 360 111 365 r
219 484 222 490 Ι
278 409 480 481 17.1x‚8o:
514 406 789 473 Schneidewinus:

596 569 761 633 Festinata
782 569 833 632 soi
852 573 983 651 gemeret
1003 569 1084 651 qaod
1103 567 1173 648 fato
1195 567 1299 633 Soceri

702 675 812 759 Sillae,
835 675 974 739 Aasoao'o
997 696 1060 740 aaa
1082 675 1172 740 semel
1195 696 1245 740 ore
1260 680 1382 759 pateas,

596 781 674 848 Oura
693 803 782 866 prope
804 781 908 846 Pierio
930 788 1063 847 maestas
1086 780 1261 864 Phoeboque
1283 783 1441 866 querebar,

700 889 796 973 „lpse
818 910 917 953 caeam
939 888 1032 972 jleoo‘“
1053 890 1135 954 uiro
1155 889 1269 972 Apollo
1292 887 1458 974 „Liaoa“:

540 1014 573 1078 5.
597 1013 796 1097 Rospmitqoe
817 1034 908 1088 suam
930 1035 1007 1096 quoe
1029 1014 1130 1079 stabat
1144 1016 1294 1098 monimo
1314 1013 1412 1093 fratri

704 1117 861 1202 Calliopea
884 1126 912 1184 et
933 1122 994 1185 alt:
1026 1119 1100 1205 „Ta
1122 1142 1237 1204 qaoque
1258 1121 1366 1185 oolaas
1388 1119 1486 1185 babos.

597 1226 708 1309 Aspice
733 1228 899 1310 Tarpeiam
922 1227 1162 1310 Palatinumque
1186 1229 1368 1292 Tonantem:

703 1333 794 1399 Ausa
816 1334 905 1415 aofos
927 1334 1071 1400 Lachesis
1094 1336 1182 1400 laesit
1203 1341 1364 1416 atramque
1387 1334 1518 1399 Iooera.“

598 1441 741 1505 Numina
763 1462 833 1505 cara
854 1443 957 1507 adeas
979 1443 1067 1506 daris
1090 1443 1222 1506 oboooia
1241 1443 1332 1527 fotis,

525 1566 575 1631 10.
704 1566 832 1630 Iuor'da'a
848 1568 951 1649 possis
973 1587 1137 1632 exonerare
1159 1569 1235 1632 deos.

120 1727 252 1808 oaod'v.
273 1727 289 1789 1
314 1726 404 1790 solus
429 1724 690 1791 Schneidewinus
719 1747 778 1812 pro
809 1747 878 1790 cara
907 1749 945 1792 ex
976 1704 1069 1793 libris
1099 1727 1244 1792 familiae
1268 1726 1313 1791 0²
1339 1728 1421 1791 bene
1451 1725 1606 1791 restituit.
1651 1724 1714 1791 Sed
1738 1747 1876 1809 comma,

122 1831 207 1918 quod
230 1834 299 1899 v.3
328 1833 442 1918 habet,
471 1832 591 1897 falsum
622 1837 680 1898 est.
725 1831 800 1897 Non
829 1833 932 1898 multo
962 1834 1077 1899 melius
1101 1835 1133 1898 in
1158 1834 1292 1899 Weberi
1315 1834 1457 1898 editione
1480 1837 1556 1916 post
1575 1831 1644 1896 v.3
1669 1833 1777 1918 colon,
1799 1835 1874 1917 post

121 1940 186 2004 al
206 1938 382 2004 semicolon
401 1943 460 2006 est.
499 1939 632 2005 Ceteros
651 1944 761 2005 autem
780 1939 937 2025 editores,
961 1962 1033 2005 oum
1051 1945 1128 2025 post
1150 1964 1178 2006 v.
1198 1943 1218 2004 2
1241 1943 1348 2026 colon,
1371 1943 1446 2025 post
1468 1940 1532 2005 v.3
1552 1961 1678 2004 comma
1696 1940 1874 2024 posuerint,

121 2050 217 2130 putes
240 2066 308 2110 oum
331 2042 374 2131 (v.
392 2043 428 2132 3)
450 2069 516 2111 non
535 2047 824 2132 praepositionem,
842 2047 898 2112 sed
917 2047 1175 2112 coniunctionem
1194 2047 1408 2132 intellexisse,
1430 2046 1523 2131 quasi
1541 2027 1628 2128 dauri
1649 2046 1782 2112 verbum
1803 2068 1874 2110 oum

123 2153 266 2218 ablativo
295 2156 406 2238 posset
433 2154 594 2240 coniungi.
639 2153 913 2219 Necessarium
942 2158 1001 2219 est
1028 2157 1104 2239 post
1130 2155 1199 2218 a?
1227 2177 1367 2239 comma,
1394 2158 1483 2238 post
1510 2177 1538 2217 v.
1562 2154 1582 2216 3
1611 2158 1804 2238 punctum.
1831 2189 1875 2198 -

122 2259 248 2325 Deinde
268 2281 391 2325 sermo
412 2260 609 2345 Apollinis
632 2283 697 2325 non
716 2284 818 2347 usque
838 2255 880 2325 ad
897 2284 925 2325 v.
942 2263 975 2347 8,
995 2260 1051 2324 sed
1070 2283 1173 2345 usque
1192 2261 1232 2325 ad
1251 2262 1348 2325 finem
1367 2283 1480 2324 versus
1502 2261 1543 2323 io
1562 2259 1797 2324 continuandus
1817 2264 1874 2324 est.

124 2364 208 2430 Nam
240 2366 269 2430 is
300 2367 356 2451 qui
386 2388 458 2431 eum
490 2367 558 2431 deis
592 2368 738 2453 queritur
768 2365 864 2454 (.3)
889 2390 1008 2452 eosque
1031 2369 1151 2432 iaoc‘clo'a
1174 2372 1294 2451 caecat,
1317 2389 1384 2431 non
1407 2354 1505 2431 Silius
1531 2370 1594 2451 est,
1619 2352 1675 2430 sed
1697 2364 1876 2450 Martialis,

123 2475 292 2558 praeterea
321 2472 462 2558 mireris,
492 2474 520 2537 si
544 2472 658 2559 Silius,
688 2497 783 2560 quem
813 2478 884 2540 toto
916 2475 1150 2559 epigrammate
1179 2496 1245 2539 non
1268 2473 1447 2559 alloquitur
1470 2478 1579 2559 poeta,
1601 2473 1655 2537 hie
1678 2472 1877 2558 significetur

124 2579 289 2644 secunde
311 2601 457 2664 persona.

286 2741 337 2806 18.
359 2743 402 2812 X,
418 2740 465 2813 37,
480 2740 500 2800 3
514 2758 571 2802 sa:
604 2741 706 2806 Poeta
729 2743 764 2807 in
787 2741 980 2826 Hispaniam
1002 2741 1178 2807 rediturus:

603 2902 775 2986 Maaicopo',
799 2902 956 2986 Materno,
979 2907 1030 2967 tao
1052 2905 1200 2984 ooboioae
1222 2903 1322 2968 sodali

710 3006 883 3074 Callaicum
905 3011 1037 3075 mandas
1059 3011 1163 3092 siquid
1183 3011 1226 3074 ad
1249 3010 1418 3095 Oceanum,

551 3132 659 3196 5.-Aa
681 3133 874 3198 Laurentino
897 3139 999 3218 triopas
1021 3135 1056 3197 o‘a
1081 3134 1167 3198 litore
1188 3154 1286 3198 ranas

710 3239 757 3305 Et
777 3243 876 3307 satias
898 3247 1000 3306 boues
1017 3242 1123 3305 dacae
1145 3241 1243 3305 aeota
1264 3261 1333 3305 aoos
1357 3242 1440 3306 eta?

126 3395 248 3463 Versus
268 3399 289 3462 4
312 3399 347 3462 in
365 3399 428 3462 fine
448 3399 600 3463 carminis
620 3400 758 3466 iteratur
777 3398 822 3488 (v.
840 3397 911 3488 20),
929 3401 986 3466 ubi
1006 3399 1268 3466 Schneidewinus
1289 3423 1361 3466 oum
1382 3400 1521 3466 Webero
1545 3401 1878 3485 interrogationis

126 3509 219 3570 nota
246 3506 388 3590 utitur,
416 3505 514 3570 aeteri
543 3510 650 3571 autem
681 3507 821 3573 editores
849 3513 1005 3594 punotum
1033 3511 1167 3593 ponunt.
1216 3509 1268 3572 Ab
1298 3491 1556 3593 interrogatione
1586 3508 1708 3572 directa
1738 3508 1879 3572 alienum

128 3613 179 3677 est
200 3614 314 3698 siquod,
337 3634 512 3698 versusque
533 3614 739 3697 explicandus
759 3638 816 3700 per
833 3611 978 3702 ellipsinlz
1001 3614 1125 3700 „Wenn
1144 3615 1187 3679 du
1206 3616 1300 3681 einen
1318 3615 1459 3701 Auftrag
1476 3614 1560 3679 naoh
1580 3612 1721 3699 Spanien
1742 3616 1818 3679 hast
1836 3652 1880 3662 -

129 3716 213 3805 (soil.
233 3741 269 3784 so
294 3719 369 3804 gieb
393 3702 450 3783 ihi
474 3720 536 3783 mir
554 3717 660 3806 mit).“
705 3721 754 3788 Of.
773 3746 855 3808 quae
879 3722 1044 3808 disputavi
1067 3721 1106 3785 de
1124 3721 1205 3804 Vll,
1224 3724 1267 3786 92
1285 3743 1359 3808 pag.
1382 3724 1409 3788 1.
1449 3722 1566 3806 Itaque
1590 3721 1637 3786 sie
1660 3722 1758 3787 scribi
1781 3722 1880 3786 velim

128 3849 258 3892 versum
286 3828 342 3892 20:
373 3824 545 3891 Callaicum
573 3829 704 3893 mandas
730 3831 835 3911 siquid
852 3833 902 3896 vool
924 3829 1077 3895 Oceanum
1094 3863 1161 3895 -.
1206 3829 1312 3894 Versu
1335 3830 1370 3914 4,
1394 3829 1449 3894 ubi
1472 3827 1592 3893 Weber
1614 3828 1879 3914 interrogationis

130 3934 274 4020 signum,
297 3933 473 4000 Scriverius
496 3943 666 4020 punctum,
690 3934 906 4022 Sohrevelius,
929 3936 1120 4022 Bipontina,
1143 3936 1324 4001 Lemairius
1348 3936 1539 4019 semicolon,
1562 3933 1823 4000 Schneidewinus
1848 3938 1881 3999 et

129 4040 329 4106 Ramiresius
344 4061 470 4116 comma
483 4046 621 4128 ponunt,
639 4043 705 4106 iam
725 4049 860 4130 apparet
878 4045 1000 4109 maiore
1018 4065 1099 4128 opus
1119 4065 1190 4108 esse
1209 4042 1426 4128 distinetione,
1445 4042 1521 4128 quia
1538 4064 1598 4106 neo
1615 4064 1727 4107 versus
1742 4043 1763 4106 4
1781 4042 1881 4107 inter-

129 4148 310 4235 rogationis
333 4147 546 4214 disiunotivae
569 4150 657 4234 prior
677 4173 752 4234 pars
776 4151 846 4216 esse
864 4155 987 4236 potest,
1007 4151 1092 4237 quod
1111 4155 1244 4235 putasse
1264 4150 1525 4215 Schneidewinus
1544 4149 1686 4232 videtur,
1710 4153 1743 4213 et
1765 4149 1798 4213 in
1817 4150 1880 4225 fine

131 4255 199 4321 eius
218 4255 427 4320 intervallum
447 4256 480 4319 in
499 4256 636 4340 legendo
656 4257 727 4321 fieri
745 4279 875 4323 neeesse
895 4262 953 4324 est.
990 4258 1081 4342 Ergo
1100 4262 1137 4322 ut
1156 4281 1185 4323 v.
1204 4258 1256 4342 20,
1273 4257 1322 4322 ita
1341 4257 1440 4322 etiam
1460 4258 1524 4321 al
1547 4256 1594 4321 sie
1613 4260 1663 4322 est
1682 4256 1881 4321 scribendus:

132 4359 305 4428 Callat'eaoa
327 4364 459 4427 mandas
480 4364 586 4446 amulii
606 4365 649 4428 ad
672 4363 825 4429 anoaraa
850 4402 899 4429 -—.

292 4522 342 4588 19.
364 4524 410 4599 X,
427 4522 480 4597 68,
497 4524 531 4584 9:
621 4523 706 4590 Scire
728 4527 814 4608 apis
837 4544 895 4605 qao
917 4531 1003 4591 casta
1024 4526 1112 4632 ruodo
1135 4530 1278 4612 moena
1301 4526 1453 4608 loquaris:

132 4681 251 4748 Omnes
285 4683 425 4749 editores
457 4683 519 4749 hoe
551 4686 665 4751 eolon
698 4685 864 4772 exhibent,
897 4685 980 4767 quod
1012 4691 1135 4752 rectum
1170 4689 1269 4771 esset,
1308 4685 1336 4749 si
1367 4684 1613 4771 insequentibus
1645 4683 1753 4748 verbis
1785 4686 1883 4767 poeta

132 4791 322 4877 explicaret,
354 4812 417 4876 quo
451 4795 541 4857 easta
572 4792 668 4858 modo
700 4798 851 4859 matrona
882 4794 1078 4879 loqueretur.
1133 4790 1196 4858 Sed
1228 4815 1293 4858 non
1327 4792 1477 4876 explieat.
1531 4791 1749 4874 Interrogatio
1781 4789 1884 4875 igitur

131 4897 292 4963 rhetorica
319 4897 373 4963 hie
402 4921 514 4965 versus
546 4905 652 4965 estet
677 4901 841 4987 signifieat
867 4921 952 4964 meae
974 4901 1030 4964 tibi
1051 4902 1149 4965 dicere
1170 4902 1228 4985 cis,
1251 4921 1309 4983 qao
1336 4920 1360 4964 o.
1380 4920 1419 4963 m.
1439 4920 1478 4963 νν.
1499 4894 1656 4980 loquaris?
1685 4915 1786 4960 noane
1815 4898 1884 4978 ipsa

131 5001 212 5072 sois?
257 5003 345 5091 Ergo
369 5004 701 5094 interrogationis
724 5012 817 5073 nota
839 5007 1023 5073 necessaria
1046 5012 1105 5084 est.
