4012 5662
990 191 1011 269 8

895 297 1107 308 Ὰ--ψ--μ

121 403 235 491 Neque
255 406 341 472 enim
359 405 477 472 idcirco
498 403 744 491 reprehenditur
762 400 950 490 Scaevinus,
974 407 1059 489 quod
1080 408 1185 471 aliena
1205 407 1234 470 ei
1253 429 1333 471 uxor
1352 406 1473 492 placet,
1491 403 1595 492 ipsius
1615 428 1697 472 uxor
1720 406 1880 493 displicet,

120 516 155 579 id
179 515 264 599 qnod
287 515 354 578 illis
381 514 582 598 temporibus
611 512 696 576 haud
719 512 767 575 ita
790 535 900 576 rarum
922 513 998 597 fuit,
1022 514 1079 576 sed
1102 514 1188 596 quod
1212 514 1343 579 eadem
1367 511 1421 600 (ef.
1442 537 1491 579 vv.
1513 516 1541 580 1.
1555 513 1604 600 2),
1628 537 1710 598 quae
1734 515 1777 600 ei,
1801 515 1879 579 dum

121 621 225 705 ipsius
252 642 334 685 uxor
365 623 435 684 erat
467 615 543 706 (als
581 619 694 703 eigene
721 616 865 705 Gattin),
894 619 1117 704 displicuerat,
1149 641 1235 684 nunc
1267 621 1296 683 ei
1328 621 1449 705 placet,
1480 621 1537 684 ubi
1570 621 1677 686 aliena
1707 621 1796 687 facta
1828 625 1880 686 est
1912 689 1913 692 ,
1971 660 1974 665 -

123 727 238 792 coniux
272 724 348 812 (als
370 726 494 793 fremde
519 723 657 811 Gattin).

284 853 311 915 7.
334 852 386 923 IV,
402 851 456 927 64,
473 851 513 912 29
526 868 568 912 s:
654 847 770 914 Oredas
792 850 918 914 Alcinoi
934 851 1006 932 pios
1028 849 1172 934 Penates,
1196 848 1344 937 (domum
1368 852 1465 916 amici
1487 849 1678 937 hospitalis)

654 955 722 1020 Aac
741 955 819 1036 facti
840 958 928 1021 modo
952 957 1055 1021 dicitis
1077 957 1239 1022 Molorchi.

123 1063 175 1129 Sic
201 1064 238 1128 hi
260 1085 371 1128 versus
403 1063 518 1148 scripti
545 1063 678 1128 suntin
701 1063 851 1127 omnibus
876 1063 1071 1128 editionibus
1099 1064 1351 1149 fabulanturque
1374 1064 1568 1148 interpretes
1593 1064 1632 1130 de
1657 1064 1790 1148 sacello,
1813 1086 1878 1148 qno

121 1170 324 1235 Molorchum
348 1192 368 1233 a
389 1169 593 1254 Domitiano,
616 1192 689 1234 cum
713 1169 846 1234 Herculi
870 1170 981 1234 aedem
1010 1175 1165 1256 sacraret,
1191 1194 1313 1251 nuper
1336 1171 1456 1256 (mode)
1479 1171 1651 1236 ditatum
1675 1192 1759 1235 esse
1782 1177 1879 1256 poeta

121 1277 216 1342 dicat.
271 1270 334 1340 Sed
367 1280 404 1340 ut
437 1276 609 1341 concedam
641 1297 738 1361 posse
770 1277 869 1340 verba
901 1276 956 1344 ita.
982 1278 1154 1362 explicari,
1187 1278 1258 1363 quis
1291 1278 1353 1342 hoc
1386 1279 1495 1344 credat
1527 1279 1683 1343 sacellum
1716 1281 1879 1341 sacratum

120 1383 301 1449 Molorcho!
347 1382 518 1447 Traditum
547 1386 633 1446 certe
662 1382 700 1446 de
729 1383 789 1446 tali
817 1382 936 1447 sacello
961 1383 1043 1448 nihil
1067 1389 1132 1469 est,
1156 1385 1317 1469 siquidem
1340 1383 1503 1450 Naekium
1528 1382 1660 1470 (Opusc.
1679 1384 1726 1469 II,
1751 1373 1812 1447 11'7
1838 1380 1877 1470 s.)

121 1493 274 1576 putamus
306 1490 480 1575 diligenter
510 1511 592 1573 quae
625 1491 665 1553 ad
694 1488 897 1553 Molorchum
929 1490 1094 1575 pertinent
1126 1491 1307 1577 collegisse.
1357 1493 1571 1577 Interpungo:
1603 1496 1670 1574 aut,
1692 1489 1770 1570 facti
1792 1492 1879 1554 modo

120 1599 238 1680 dicitiS,
260 1595 414 1662 Molorchi
433 1600 466 1660 et
483 1600 574 1660 verto
592 1595 703 1679 „eines
723 1595 923 1681 Molorchus,
942 1619 1002 1661 nur
1022 1593 1104 1682 (sive
1124 1594 1230 1684 aber)
1251 1598 1338 1663 eines
1358 1598 1444 1661 reich
1464 1595 1711 1681 gewordenen“.
1745 1596 1878 1661 Etenim

120 1703 384 1788 hospitalitatem
407 1700 503 1765 amici
526 1707 624 1786 poeta
648 1724 720 1766 cum
744 1701 904 1766 Molorchi
923 1708 1100 1788 comparat.
1137 1702 1200 1769 Sed
1223 1727 1262 1768 ne
1282 1704 1338 1768 ille
1357 1707 1551 1790 paupertate
1575 1725 1701 1789 quoque
1719 1703 1878 1767 Molorchi
1943 1748 1945 1753 «

121 1810 240 1874 similis
272 1810 434 1893 videatur,
466 1807 558 1871 addit
587 1809 665 1888 facti
696 1810 784 1873 modo
815 1810 928 1873 diuitis.
973 1812 1061 1874 modo
1094 1811 1302 1896 collocatum,
1335 1815 1372 1874 ut
1404 1810 1492 1896 XIV,
1512 1811 1554 1875 30
1587 1810 1765 1894 multisque
1797 1809 1878 1874 locis

122 1917 261 1981 aliorum
285 1916 490 2001 scriptorum.

283 2041 312 2106 8.
334 2043 371 2116 V,
388 2042 442 2103 56:
476 2037 753 2104 Schneidewinus:

466 2128 470 2135 ’
710 2143 1159 2232 (haitradas,11upe,filium
1181 2150 1341 2233 mapistm,
1397 2203 1401 2208 .

709 2253 840 2334 Quaeris
861 2254 1010 2319 sollicitus
1032 2255 1088 2318 diu
1109 2276 1263 2337 cepasque.

645 2386 648 2389 ·
709 2359 821 2424 Omnes
840 2362 1116 2443 arammatieosqne
1138 2361 1331 2443 rhetorasque

605 2449 608 2455 ’
707 2467 844 2550 nara,
866 2488 988 2532 aula:
1017 2469 1099 2532 alla
1119 2471 1162 2534 sa
1183 2470 1232 2533 aare

655 2572 684 2638 5.
708 2572 787 2638 Cum
810 2573 897 2639 edus
920 2573 1074 2640 Ciceronis
1097 2581 1153 2640 ant
1174 2577 1329 2640 Maronis.

707 2680 829 2745 Famae
852 2671 1005 2745 Tutilium
1027 2703 1101 2746 suae
1123 2682 1288 2763 relinquas.

707 2786 745 2852 Si
766 2807 871 2852 uersm
891 2787 980 2871 facit,
1003 2789 1122 2853 abdices
1140 2793 1279 2871 poetam:

708 2894 802 2959 Artes
824 2895 936 2958 discere
958 2895 1023 2958 uult
1038 2897 1235 2980 pemrniosas,

707 3000 777 3066 Fae
799 3002 897 3066 discat
918 3001 1109 3067 citharoedus
1132 3007 1187 3068 ant
1208 3002 1372 3068 choraules.

637 3108 686 3172 10.
708 3106 842 3173 Sideri
859 3129 939 3190 puer
961 3110 1065 3191 inpeni
1087 3110 1218 3193 uidetur,

709 3213 894 3279 Praeconem
915 3214 1017 3295 facias
1039 3215 1084 3279 uel
1107 3215 1313 3280 architectum.

124 3339 234 3405 Ceteri
266 3338 406 3403 editores
437 3361 466 3402 v.
485 3338 514 3402 5.
534 3338 565 3404 6.
585 3338 652 3403 hh
682 3343 804 3424 puncta
832 3344 972 3423 ponunt,
999 3339 1064 3403 nisi
1094 3341 1180 3424 quod
1211 3340 1333 3405 Weber
1358 3362 1389 3406 v.
1408 3340 1441 3424 6,
1470 3338 1651 3403 Lemairius
1681 3326 1754 3402 ab
1785 3338 1879 3402 colon

122 3446 231 3512 habel·
277 3443 488 3510 Sssribendum
511 3448 574 3509 0⁸l²
689 3480 823 3558 ‚Omnes
841 3483 1118 3564 prommaticosque
1139 3482 1332 3564 rhetorasque

708 3588 845 3673 Deuites,
867 3609 990 3652 moneo:
1011 3587 1093 3652 nihil
1114 3590 1156 3652 sit
1176 3589 1227 3653 illi

656 3693 686 3758 5.
710 3693 788 3759 Oum
812 3695 900 3760 libris
923 3694 1078 3769 Ciceronis
1100 3700 1155 3759 aut
1176 3695 1338 3773 Maronis;

707 3801 829 3866 Famae
852 3800 1004 3865 Tutilium
1025 3822 1099 3866 suae
1120 3802 1293 3884 relinquam

622 3947 624 3950 v
709 3907 747 3972 Si
768 3928 872 3973 uersrrs
892 3907 981 3992 facit,
1004 3908 1123 3972 abdices
1139 3915 1272 3990 poetam.

709 4015 802 4079 Artes
824 4015 936 4078 discere
958 4015 1024 4079 nult
1039 4016 1240 4097 pecuniosus:

709 4120 777 4185 Fae
799 4122 898 4185 discat
917 4120 1109 4186 citharoedus
1131 4127 1187 4186 aut
1208 4121 1379 4198 choraulcs;

637 4227 689 4292 10.
711 4226 748 4293 Si
769 4228 843 4291 duri
858 4247 940 4310 puer
961 4227 1067 4310 inperii
1087 4229 1219 4313 ridetur,

710 4332 895 4397 Praeconem
916 4334 1018 4414 facias
1040 4335 1086 4399 uel
1108 4335 1314 4401 architectum.

125 4458 217 4523 Duae
231 4457 477 4542 epigrammatis
496 4461 572 4522 sunt
591 4461 714 4541 partes:
733 4479 782 4522 vr.
798 4458 884 4522 3-7
905 4458 1138 4523 dehortatur
1156 4464 1255 4544 poeta
1270 4461 1310 4525 ab
1327 4462 1452 4526 artibus
1472 4460 1596 4524 minus
1616 4458 1879 4543 quaestuosis,

125 4589 175 4630 vv.
195 4566 305 4629 8211
330 4563 476 4628 invitat
499 4564 544 4627 ad
567 4565 721 4629 lucrosa
744 4564 831 4629 vitae
851 4587 979 4650 genera.
1025 4566 1115 4652 Ergo
1138 4590 1167 4631 v.
1189 4568 1206 4630 7
1231 4571 1401 4652 punctum,
1424 4590 1474 4632 vv.
1494 4566 1522 4632 5.
1541 4567 1572 4630 6.
1591 4566 1610 4629 9
1630 4586 1696 4629 non
1714 4568 1880 4647 punctum,

125 4672 180 4737 sed
205 4671 383 4736 semicolon
404 4670 590 4755 ponendum
613 4676 688 4737 est‘
718 4670 807 4747 Quae
831 4676 940 4736 antem
964 4693 1059 4736 versu
1083 4672 1103 4735 8
1127 4672 1313 4739 continetur
1336 4674 1455 4758 thesis,
1481 4695 1551 4737 non.
1570 4673 1610 4736 ad
1635 4670 1702 4735 aa
1729 4671 1879 4753 pertinet,

125 4779 181 4844 sed
205 4779 247 4842 ad
268 4800 319 4843 vv.
338 4777 469 4862 9-113
492 4778 654 4843 sententia
677 4778 763 4843 enim
788 4781 838 4843 est
867 4780 942 4860 quia
964 4784 1045 4843 artes
1060 4780 1243 4860 pecuniosus
1265 4781 1377 4844 discere
1406 4781 1482 4863 uult,
1511 4780 1570 4860 fiat
1597 4783 1662 4843 aut
1690 4776 1880 4840 citharoedus

124 4885 315 4949 choraulame
345 4888 420 4962 ant,
451 4886 481 4948 si
511 4885 584 4949 duri
614 4886 718 4968 inperii
747 4886 878 4969 uidetur,
910 4906 1023 4966 praeeo
1054 4885 1273 4951 architectusue.
1327 4884 1417 4969 Ergo
1449 4885 1517 4949 v.8
1549 4885 1654 4948 maior
1681 4903 1778 4965 quarn
1806 4880 1878 4946 v.9

126 4990 294 5055 distinctio
316 4991 499 5056 necessaria
522 4995 580 5056 est.
