4012 5662
970 202 973 207 ’
1045 225 1065 295 u

177 432 276 498 Recte
300 457 351 497 me
377 431 490 498 Gentis
514 435 641 499 monuit
665 435 711 499 sic
733 455 803 498 esse
827 434 1044 498 scribendum:

657 560 727 623 Hos
750 559 817 642 tibi,
842 559 972 642 Plocio,
995 565 1079 623 noent
1100 564 1175 623 totos
1197 581 1218 629 u
1240 560 1348 623 uertice
1370 560 1469 622 crines

762 665 940 747 Encolpus,'
955 666 1074 729 donnini
1096 666 1282 731 centurionis
1304 687 1404 750 unior,

584 825 585 829 ,
658 772 760 836 Grulu
776 774 898 855 prodens
920 773 1038 835 donini
1061 773 1165 836 tulerit
1185 794 1254 836 ouu
1271 774 1417 853 puueiniu
1435 773 1508 855 pili.

728 925 729 930 η
764 879 864 960 Quuni
881 881 1023 961 prirnuu
1047 879 1165 961 leupus,
1188 879 1318 963 Phoebe,
1331 881 1438 943 nocido
1460 899 1574 962 cornus,

657 984 744 1049 Duu
766 986 857 1049 nullu
880 987 975 1049 teneri
996 987 1120 1069 sordent
1143 987 1288 1068 luuupinc
1310 986 1408 1050 uoltus
1431 989 1491 1049 etc.
1519 1063 1520 1067 Ἰ

176 1111 264 1175 Nam
296 1116 329 1174 et
362 1133 426 1194 qua
458 1109 641 1174 conditione
674 1109 839 1193 Encolpus
873 1109 1016 1174 vovisset
1049 1111 1152 1174 crines
1185 1109 1368 1175 addendum
1400 1115 1470 1175 erat
1503 1114 1535 1172 et
1567 1099 1660 1191 quoin
1686 1113 1828 1193 priunum

177 1218 435 1282 enuntiationem
461 1217 681 1299 temporalem
709 1217 857 1301 ineptum
887 1220 946 1280 e'st.
991 1216 1081 1281 Idem
1111 1220 1219 1280 autem
1248 1239 1319 1281 esse
1348 1217 1439 1280 Vouol
1460 1237 1530 1280 criu
1554 1218 1658 1281 tulerit
1680 1223 1777 1302 atque
1801 1241 1829 1282 ui

176 1325 323 1402 dutuuuin
346 1344 419 1406 esso,
443 1343 511 1386 curn
535 1323 640 1386 tulerit
660 1344 727 1386 non
751 1323 909 1407 estquod
935 1323 1101 1408 explicem:
1461 1313 1483 1336 ⁸
1542 1402 1545 1407 Ι
1753 1317 1755 1321 ’

337 1431 489 1501 3.1,92:
522 1428 608 1492 Male
633 1427 895 1493 Schneidewinus
927 1453 999 1494 cum
1023 1429 1180 1494 Scriverio
1212 1432 1245 1493 et
1269 1428 1411 1492 Webero
1442 1433 1518 1513 post
1542 1454 1570 1494 v.
1591 1431 1633 1494 12
1656 1435 1828 1515 punctum

177 1564 205 1603 v.
232 1540 271 1602 13
296 1537 405 1619 colon,
430 1557 496 1599 non
524 1535 628 1599 multo
652 1536 768 1600 melius
800 1536 893 1601 Ram.
913 1536 1042 1601 Schrev.
1066 1537 1137 1619 Bip.
1156 1535 1295 1599 Lemair.
1316 1539 1452 1619 utroque
1476 1559 1572 1601 versu
1595 1543 1751 1620 punctum
1776 1539 1828 1602 cxl

58 1634 62 1639 ’
176 1632 285 1710 Facile
309 1647 444 1726 apparet
467 1645 557 1727 post
579 1664 608 1705 v.
631 1644 671 1706 12
695 1643 807 1707 colon
830 1645 892 1707 vel
917 1665 1073 1728 comma,
1096 1648 1185 1725 post
1209 1666 1237 1706 v,
1260 1634 1299 1706 13
1323 1645 1505 1726 punctum
1529 1644 1714 1727 ponendum
1739 1667 1817 1708 esse.

337 1767 367 1830 4.
390 1767 438 1836 11,
454 1768 509 1827 24:
659 1753 768 1832 Sidet
789 1769 900 1849 iniquo
919 1757 981 1831 tibi
1004 1770 1120 1832 irisleui
1141 1771 1271 1847 sortione
1293 1773 1426 1850 reulum,

763 1873 935 1957 Squalidus
956 1873 1081 1939 noereio
1098 1874 1308 1957 pallidiorque
1330 1894 1396 1936 reo:

657 1980 694 2044 Si
716 1982 818 2044 iubent
833 1983 946 2063 putria
968 1983 1152 2064 dunnutun
1175 1982 1312 2044 euocdorc
1335 1985 1430 2062 turo,

764 2087 826 2151 Per
846 2089 942 2171 fretu,
959 2111 1018 2171 por
1039 2089 1176 2170 scopulos
1199 2087 1298 2152 exulis
1321 2086 1369 2149 ibo
1392 2107 1496 2150 coines.
1580 2142 1584 2149 .

603 2194 631 2255 5.
654 2191 723 2256 Dul
745 2194 799 2256 tibi
821 2195 955 2260 dicitius.
1000 2195 1147 2279 „Ecquid
1168 2195 1324 2265 suuli'uu
1346 2192 1525 2257 duouun?“

763 2299 833 2364 Dus
849 2299 997 2383 purten?
1041 2303 1204 2386 „Muulluin
1226 2298 1298 2364 osl.“
1344 2300 1494 2383 Candide,
1517 2303 1574 2365 dus
1596 2301 1738 2383 aliquid?

657 2406 781 2469 Mocurn
804 2394 865 2471 eiis
887 2429 956 2498 erpo
979 2410 1088 2473 uun:
1112 2409 1194 2489 quod
1214 2407 1243 2471 si
1265 2396 1411 2471 deusone
1433 2427 1536 2471 sereno
1634 2429 1637 2438 ·

764 2513 1047 2597 innuuntur,
1072 2512 1223 2598 Candide,
1247 2515 1330 2578 solus
1352 2516 1420 2578 cuis.

179 2623 266 2687 Bene
296 2618 423 2684 monuit
452 2641 504 2681 me
536 2617 754 2686 Bocluiuun
784 2641 850 2683 non
879 2625 965 2685 recte
997 2619 1276 2685 Schneidewinum
1307 2643 1356 2684 vv.
1377 2620 1397 2684 5
1422 2623 1455 2684 et
1479 2621 1498 2683 6
1520 2619 1693 2704 'dialogum
1719 2623 1823 2687 consti

177 2727 264 2793 Nam
287 2727 427 2810 primum
451 2726 558 2806 ecquid
578 2725 769 2808 pronomine
788 2724 949 2790 Martialis
973 2749 1038 2791 non
1061 2728 1096 2790 in
1118 2727 1375 2812 interrogatione
1398 2726 1561 2791 rhetorica
1583 2727 1701 2813 utitur,
1725 2752 1823 2814 neque

179 2858 252 2899 eum
267 2833 432 2916 'negantis
464 2835 527 2915 est,
560 2832 617 2895 sed
648 2833 813 2916 opinantis
843 2833 940 2916 idque
969 2835 1026 2896 aut
1057 2835 1252 2918 suspicantis
1276 2838 1334 2898 aut
1357 2836 1527 2918 sperantis
1573 2835 1698 2900 Deinde
1721 2837 1782 2905 dus,
1793 2858 1822 2919 pl

179 2941 225 3004 sio
248 2939 401 3004 collocari
425 2939 597 3021 oportebat
616 2943 691 3001 ante
711 2940 816 3019 ecquid
832 2943 905 3002 sunl
922 2941 984 3003 istu
1002 2937 1155 3003 duoruu?
1190 2940 1339 3025 Denique
1358 2941 1458 3005 etiam
1477 2945 1553 3024 post
1569 2941 1710 3006 Candide
1724 2943 1780 3006 dos
1798 2964 1822 3006 u

179 3046 350 3128 abnuentis
384 3043 522 3109 Candidi
559 3066 751 3128 responsum
789 3044 959 3109 desideres
1020 3043 1231 3110 Scribendum
1264 3052 1326 3110 est:
1372 3122 1375 3128 Ι
1442 3069 1443 3072 ’

605 3137 609 3232 Ἰ
657 3151 726 3216 Dut
749 3153 804 3216 libi
826 3154 967 3217 divitius:
1004 3153 1110 3234 ecquid
1131 3159 1205 3217 sunt
1225 3155 1287 3218 istu
1308 3153 1466 3217 duouuu?

659 3258 730 3322 Dus
746 3256 895 3341 purten?
927 3260 1058 3323 inultum
1081 3259 1146 3323 est?
1180 3257 1330 3343 Ouudidc,
1353 3261 1411 3323 dus
1434 3259 1575 3340 aliquid?

47 3385 50 3390 ·
179 3365 363 3430 Abnuentis
393 3363 530 3429 Candidi
560 3385 717 3448 responsa
749 3365 881 3429 omnino
912 3387 978 3429 non
1006 3365 1117 3429 addita
1145 3372 1235 3451 sunt,
1258 3366 1315 3431 sed
1344 3365 1543 3449 cogitatione
1567 3366 1760 3430 assumenda
1784 3390 1820 3431 au

179 3494 440 3556 unamquamque
464 3471 743 3557 percontationem
767 3476 841 3556 aut,
865 3472 951 3557 quod
975 3474 1136 3556 praestat,
1159 3476 1234 3556 post
1257 3473 1355 3537 verba
1373 3478 1496 3554 punicu
1521 3475 1553 3536 et
1577 3464 1704 3554 aliquid.

340 3597 368 3660 5.
391 3598 438 3669 ΙΙ,
454 3599 501 3658 71:
664 3594 837 3661 Candidius
859 3597 940 3661 nillil
963 3600 1006 3660 est
1029 3595 1068 3674 tn
1094 3592 1283 3660 Concilione:
1306 3600 1424 3682 notoni,

765 3703 803 3768 Si
825 3707 949 3786 quondo
973 3724 1010 3767 eu
1033 3705 1147 3768 nostris
1169 3705 1300 3769 disticho
1316 3726 1422 3788 puucu
1446 3706 1521 3787 leno,

659 3809 809 3874 Protinus
831 3817 887 3874 uut
909 3812 1015 3876 Mursi
1037 3812 1146 3874 ueritus
1168 3817 1223 3874 nul
1245 3813 1358 3894 seuquid
1383 3812 1510 3876 Catulli.

180 3916 231 3980 Ad
254 3913 448 3979 sententiam
468 3915 618 3979 convenit
636 3916 717 3980 haec
735 3917 953 4001 interpunctio
975 3916 1225 4000 Schneidewini,
1244 3918 1430 4001 Ramiresii‚
1451 3916 1637 3981 Sohrevelii.
1676 3913 1737 3979 Sed
1757 3917 1818 3981 mal

182 4022 355 4087 Concilione
381 4023 551 4105 punctum,
581 4027 657 4103 post
672 4025 789 4088 ¹notuui
819 4024 923 4093 colon.
967 4021 1076 4087 Minus
1104 4028 1190 4087 recte
1219 4022 1410 4108 Scriverius²
1440 4024 1574 4088 verbum
1597 4024 1702 4086 notuui
1731 4046 1818 4107 parer

183 4129 372 4193 existimans
404 4122 455 4209 (us
478 4126 539 4211 XI,
554 4128 605 4191 99.
622 4125 681 4214 1)‚.
702 4133 776 4212 post
800 4130 862 4210 lopo
886 4133 1041 4211 punctum
1066 4129 1186 4212 posuit.
1235 4129 1426 4214 Bipontina‚
1448 4129 1644 4214 Lemairius',
1667 4129 1788 4195 Weber
1810 4153 1817 4194 ε

182 4256 293 4300 versus
318 4232 485 4298 exhibffll²
665 4251 836 4317 Oundidius
858 4253 939 4318 nillil
962 4259 1006 4317 est
1029 4259 1068 4338 u,
1092 4253 1282 4318 Caeciliano:
1312 4257 1425 4319 noluui.

768 4359 949 4441 Siquando
972 4381 1010 4423 eu
1032 4363 1147 4425 nostris
1170 4361 1300 4425 disticliu
1316 4381 1422 4444 punicu
1446 4342 1525 4443 loqu

661 4464 810 4529 Protinus
832 4471 888 4529 uui
909 4467 1016 4530 Marsi
1038 4468 1149 4532 ueritus
1171 4473 1227 4532 uut
1248 4469 1363 4548 scriptu
1387 4466 1511 4531 Oulidli.

343 4587 372 4651 6.
396 4587 460 4663 111,
477 4589 535 4665 70,
551 4591 584 4649 3:
616 4586 702 4652 Male
727 4588 1003 4654 Schneidewinus:

663 4692 728 4758 Cur
751 4697 854 4759 ulienu
869 4692 972 4779 placet
995 4697 1063 4780 tibi,
1086 4719 1163 4778 quoe
1187 4704 1252 4780 turo,
1275 4719 1338 4762 non
1356 4697 1579 4779 planctuum?

183 4802 291 4869 Ceteri
310 4806 420 4865 autem
440 4801 580 4865 editores
601 4805 735 4886 excepto
754 4801 935 4865 Ramiresio
954 4802 1100 4885 pessima
1119 4805 1303 4868 coniectura
1318 4807 1367 4868 oui
1381 4827 1439 4869 suu
1456 4826 1514 4888 pro
1533 4825 1611 4884 quoe
1629 4809 1691 4868 inu
1728 4802 1815 4868 Serih

184 4914 234 4973 est
257 4932 329 4973 cum
352 4908 534 4972 Ramiresio
559 4904 606 4993 (id
630 4911 681 4971 est
704 4931 775 4972 oum
800 4912 908 4972 vetere
931 4907 1096 4994 vulgata):

398 5013 462 5079 Ciu
485 5016 588 5079 ulienu
600 5015 701 5097 placet
725 5015 791 5098 lili,
814 5036 892 5096 quun
914 5020 969 5078 triu
992 5036 1054 5079 non
1071 5017 1185 5101 pluunt,
1208 5018 1310 5080 uuor?
1343 5013 1410 5102 (vel
1433 5017 1541 5100 potius
1558 5017 1662 5099 ploret
1682 5013 1800 5104 ioum)
