<?xml version="1.0" encoding="UTF-8"?>
<!DOCTYPE html PUBLIC "-//W3C//DTD XHTML 1.0 Transitional//EN"
    "http://www.w3.org/TR/xhtml1/DTD/xhtml1-transitional.dtd">
<html xmlns="http://www.w3.org/1999/xhtml" xml:lang="en" lang="en">
 <head>
  <title>
</title>
<meta http-equiv="Content-Type" content="text/html;charset=utf-8" />
  <meta name='ocr-system' content='tesseract 3.04.00' />
  <meta name='ocr-capabilities' content='ocr_page ocr_carea ocr_par ocr_line ocrx_word'/>
</head>
<body>
  <div class='ocr_page' id='page_1' title='image "admartialemquae00gilbgoog_0020.png"; bbox 0 0 4012 5662; ppageno 0'>
   <div class='ocr_carea' id='block_1_1' title="bbox 333 394 1469 1122">
    <p class='ocr_par' dir='ltr' id='par_1_1' title="bbox 333 394 1515 1122">
     <span class='ocr_line' id='line_1_1' title="bbox 333 394 1430 481; baseline 0.003 -22"><span class='ocrx_word' id='word_1_1' title='bbox 333 396 386 460; x_wconf 82' lang='lat'><em>20.</em></span> <span class='ocrx_word' id='word_1_2' title='bbox 410 395 484 468; x_wconf 83' lang='grc' dir='ltr'>ΧΠ,</span> <span class='ocrx_word' id='word_1_3' title='bbox 501 396 546 467; x_wconf 83' lang='grc'>57,</span> <span class='ocrx_word' id='word_1_4' title='bbox 561 396 596 458; x_wconf 89' lang='grc'><em>18</em></span> <span class='ocrx_word' id='word_1_5' title='bbox 608 413 662 459; x_wconf 82' lang='lat' dir='ltr'><em>aa:</em></span> <span class='ocrx_word' id='word_1_6' title='bbox 710 397 772 480; x_wconf 80' lang='lat' dir='ltr'><em>Tu,</em></span> <span class='ocrx_word' id='word_1_7' title='bbox 796 394 923 479; x_wconf 83' lang='lat' dir='ltr'><em>Sparso,</em></span> <span class='ocrx_word' id='word_1_8' title='bbox 946 397 1042 460; x_wconf 84' lang='lat' dir='ltr'><em>nescis</em></span> <span class='ocrx_word' id='word_1_9' title='bbox 1063 396 1139 480; x_wconf 72' lang='lat' dir='ltr'><em>uto,</em></span> <span class='ocrx_word' id='word_1_10' title='bbox 1162 417 1216 460; x_wconf 89' lang='lat' dir='ltr'><em>nec</em></span> <span class='ocrx_word' id='word_1_11' title='bbox 1232 402 1320 479; x_wconf 86' lang='lat' dir='ltr'><em>potes</em></span> <span class='ocrx_word' id='word_1_12' title='bbox 1341 398 1430 481; x_wconf 87' lang='lat' dir='ltr'><em>scire,</em></span> 
     </span>
     <span class='ocr_line' id='line_1_2' title="bbox 630 502 1469 589; baseline 0.002 -22"><span class='ocrx_word' id='word_1_13' title='bbox 630 504 682 570; x_wconf 90' lang='grc'><em>20.</em></span> <span class='ocrx_word' id='word_1_14' title='bbox 706 502 767 568; x_wconf 83' lang='lat' dir='ltr'><em>Oui</em></span> <span class='ocrx_word' id='word_1_15' title='bbox 782 503 885 586; x_wconf 85' lang='lat' dir='ltr'><em>plano</em></span> <span class='ocrx_word' id='word_1_16' title='bbox 908 523 1042 569; x_wconf 83' lang='lat' dir='ltr'><em>somnos</em></span> <span class='ocrx_word' id='word_1_17' title='bbox 1064 503 1190 586; x_wconf 73' lang='lat' dir='ltr'><em>despicit</em></span> <span class='ocrx_word' id='word_1_18' title='bbox 1211 503 1320 571; x_wconf 88' lang='lat' dir='ltr'><em>donus</em></span> <span class='ocrx_word' id='word_1_19' title='bbox 1342 508 1469 589; x_wconf 86' lang='lat' dir='ltr'><em>nontes,</em></span> 
     </span>
     <span class='ocr_line' id='line_1_3' title="bbox 633 609 1427 692; baseline 0.003 -18"><span class='ocrx_word' id='word_1_20' title='bbox 633 681 635 684; x_wconf 10' lang='grc' dir='ltr'><em>Α</em></span> <span class='ocrx_word' id='word_1_21' title='bbox 705 609 752 675; x_wconf 84' lang='lat' dir='ltr'><em>Et</em></span> <span class='ocrx_word' id='word_1_22' title='bbox 772 631 828 675; x_wconf 89' lang='lat' dir='ltr'><em>rus</em></span> <span class='ocrx_word' id='word_1_23' title='bbox 850 612 885 688; x_wconf 91' lang='lat' dir='ltr'><em>in</em></span> <span class='ocrx_word' id='word_1_24' title='bbox 907 610 980 674; x_wconf 82' lang='lat' dir='ltr'><em>rorte</em></span> <span class='ocrx_word' id='word_1_25' title='bbox 1001 615 1046 674; x_wconf 87' lang='lat' dir='ltr'><em>est</em></span> <span class='ocrx_word' id='word_1_26' title='bbox 1065 611 1235 692; x_wconf 74' lang='lat' dir='ltr'><em>vinitorque</em></span> <span class='ocrx_word' id='word_1_27' title='bbox 1257 609 1427 676; x_wconf 86' lang='lat' dir='ltr'><em>Ronanus.</em></span> 
     </span>
     <span class='ocr_line' id='line_1_4' title="bbox 708 716 1426 797; baseline 0.003 -15"><span class='ocrx_word' id='word_1_28' title='bbox 708 718 773 782; x_wconf 85' lang='lat' dir='ltr'><em>Nec</em></span> <span class='ocrx_word' id='word_1_29' title='bbox 795 720 829 782; x_wconf 88' lang='lat' dir='ltr'><em>in</em></span> <span class='ocrx_word' id='word_1_30' title='bbox 851 717 988 782; x_wconf 84' lang='lat' dir='ltr'><em>Falerno</em></span> <span class='ocrx_word' id='word_1_31' title='bbox 1011 716 1208 782; x_wconf 78' lang='lat' dir='ltr'><em>sollemnior</em></span> <span class='ocrx_word' id='word_1_32' title='bbox 1230 723 1426 797; x_wconf 86' lang='lat' dir='ltr'><em>ouctnrnnus‚</em></span> 
     </span>
     <span class='ocr_line' id='line_1_5' title="bbox 707 825 1363 908; baseline 0.002 -19"><span class='ocrx_word' id='word_1_33' title='bbox 707 825 857 908; x_wconf 82' lang='lat' dir='ltr'><em>Intraque</em></span> <span class='ocrx_word' id='word_1_34' title='bbox 880 825 973 889; x_wconf 84' lang='lat' dir='ltr'><em>tinen</em></span> <span class='ocrx_word' id='word_1_35' title='bbox 995 825 1097 889; x_wconf 86' lang='lat' dir='ltr'><em>clusus</em></span> <span class='ocrx_word' id='word_1_36' title='bbox 1119 826 1218 890; x_wconf 85' lang='lat' dir='ltr'><em>essedo</em></span> <span class='ocrx_word' id='word_1_37' title='bbox 1240 845 1363 908; x_wconf 85' lang='lat' dir='ltr'><em>cursus,</em></span> 
     </span>
     <span class='ocr_line' id='line_1_6' title="bbox 707 931 1422 1017; baseline 0 -21"><span class='ocrx_word' id='word_1_38' title='bbox 707 931 754 996; x_wconf 87' lang='lat' dir='ltr'><em>Et</em></span> <span class='ocrx_word' id='word_1_39' title='bbox 773 934 808 996; x_wconf 91' lang='lat' dir='ltr'><em>in</em></span> <span class='ocrx_word' id='word_1_40' title='bbox 824 931 983 1015; x_wconf 82' lang='lat' dir='ltr'><em>profundo</em></span> <span class='ocrx_word' id='word_1_41' title='bbox 1005 952 1144 1017; x_wconf 87' lang='lat' dir='ltr'><em>sonrnus,</em></span> <span class='ocrx_word' id='word_1_42' title='bbox 1168 937 1196 996; x_wconf 90' lang='lat' dir='ltr'><em>et</em></span> <span class='ocrx_word' id='word_1_43' title='bbox 1217 934 1302 1015; x_wconf 90' lang='lat' dir='ltr'><em>quies</em></span> <span class='ocrx_word' id='word_1_44' title='bbox 1325 932 1422 998; x_wconf 85' lang='lat' dir='ltr'><em>nuliis</em></span> 
     </span>
     <span class='ocr_line' id='line_1_7' title="bbox 633 1038 1431 1122; baseline 0 -18"><span class='ocrx_word' id='word_1_45' title='bbox 633 1039 684 1104; x_wconf 77' lang='grc'><em>25.</em></span> <span class='ocrx_word' id='word_1_46' title='bbox 710 1038 835 1119; x_wconf 80' lang='lat' dir='ltr'><em>Offensa</em></span> <span class='ocrx_word' id='word_1_47' title='bbox 859 1040 988 1122; x_wconf 65' lang='lat' dir='ltr'><em>linquis·</em></span> <span class='ocrx_word' id='word_1_48' title='bbox 1020 1060 1074 1103; x_wconf 88' lang='lat' dir='ltr'><em>nec</em></span> <span class='ocrx_word' id='word_1_49' title='bbox 1096 1040 1160 1104; x_wconf 91' lang='lat' dir='ltr'><em>dies</em></span> <span class='ocrx_word' id='word_1_50' title='bbox 1182 1040 1246 1104; x_wconf 89' lang='lat' dir='ltr'><em>nisi</em></span> <span class='ocrx_word' id='word_1_51' title='bbox 1268 1040 1431 1104; x_wconf 70' lang='lat' dir='ltr'><em>admissu.</em></span> 
     </span>
    </p>
   </div>
   <div class='ocr_carea' id='block_1_2' title="bbox 176 1153 1827 1381">
    <p class='ocr_par' dir='ltr' id='par_1_2' title="bbox 176 1153 1827 1381">
     <span class='ocr_line' id='line_1_8' title="bbox 177 1153 1827 1250; baseline -0.001 -22"><span class='ocrx_word' id='word_1_52' title='bbox 177 1161 230 1228; x_wconf 83' lang='lat' dir='ltr'><em>Sic</em></span> <span class='ocrx_word' id='word_1_53' title='bbox 252 1162 320 1230; x_wconf 87' lang='lat' dir='ltr'><em>fere</em></span> <span class='ocrx_word' id='word_1_54' title='bbox 344 1184 455 1229; x_wconf 88' lang='lat' dir='ltr'><em>omnes</em></span> <span class='ocrx_word' id='word_1_55' title='bbox 479 1153 627 1228; x_wconf 74' lang='lat' dir='ltr'><em>¹editores</em></span> <span class='ocrx_word' id='word_1_56' title='bbox 652 1168 785 1248; x_wconf 91' lang='lat' dir='ltr'><em>excepto</em></span> <span class='ocrx_word' id='word_1_57' title='bbox 810 1162 983 1248; x_wconf 83' lang='lat' dir='ltr'><em>Seriverio,</em></span> <span class='ocrx_word' id='word_1_58' title='bbox 1006 1165 1062 1250; x_wconf 87' lang='lat' dir='ltr'><em>qui</em></span> <span class='ocrx_word' id='word_1_59' title='bbox 1094 1169 1170 1249; x_wconf 89' lang='lat' dir='ltr'><em>post</em></span> <span class='ocrx_word' id='word_1_60' title='bbox 1199 1187 1227 1229; x_wconf 86' lang='lat' dir='ltr'><em>v.</em></span> <span class='ocrx_word' id='word_1_61' title='bbox 1248 1165 1286 1227; x_wconf 87' lang='grc'><em>21</em></span> <span class='ocrx_word' id='word_1_62' title='bbox 1314 1165 1408 1229; x_wconf 87' lang='lat' dir='ltr'><em>colon</em></span> <span class='ocrx_word' id='word_1_63' title='bbox 1438 1164 1562 1250; x_wconf 88' lang='lat' dir='ltr'><em>posuit,</em></span> <span class='ocrx_word' id='word_1_64' title='bbox 1585 1170 1661 1249; x_wconf 87' lang='lat' dir='ltr'><em>post</em></span> <span class='ocrx_word' id='word_1_65' title='bbox 1684 1187 1713 1228; x_wconf 86' lang='lat' dir='ltr'><em>v.</em></span> <span class='ocrx_word' id='word_1_66' title='bbox 1732 1163 1775 1227; x_wconf 90' lang='grc'><em>22</em></span> <span class='ocrx_word' id='word_1_67' title='bbox 1799 1167 1827 1226; x_wconf 84' lang='grc'><em>11</em></span> 
     </span>
     <span class='ocr_line' id='line_1_9' title="bbox 176 1270 1827 1381; baseline 0.001 -48"><span class='ocrx_word' id='word_1_68' title='bbox 176 1293 206 1335; x_wconf 85' lang='lat' dir='ltr'><em>v.</em></span> <span class='ocrx_word' id='word_1_69' title='bbox 225 1271 267 1334; x_wconf 88' lang='grc'><em>23</em></span> <span class='ocrx_word' id='word_1_70' title='bbox 291 1270 480 1355; x_wconf 77' lang='lat' dir='ltr'><strong>semicolon,</strong></span> <span class='ocrx_word' id='word_1_71' title='bbox 503 1275 540 1336; x_wconf 90' lang='lat' dir='ltr'><em>ut</em></span> <span class='ocrx_word' id='word_1_72' title='bbox 562 1271 666 1336; x_wconf 83' lang='lat' dir='ltr'><em>videri</em></span> <span class='ocrx_word' id='word_1_73' title='bbox 688 1271 794 1355; x_wconf 88' lang='lat' dir='ltr'><em>possit</em></span> <span class='ocrx_word' id='word_1_74' title='bbox 816 1276 938 1381; x_wconf 75' lang='lat' dir='ltr'><em>rectum</em></span> <span class='ocrx_word' id='word_1_75' title='bbox 964 1272 1113 1337; x_wconf 82' lang='lat' dir='ltr'>sensisse.</span> <span class='ocrx_word' id='word_1_76' title='bbox 1159 1270 1266 1337; x_wconf 88' lang='lat' dir='ltr'><em>Facile</em></span> <span class='ocrx_word' id='word_1_77' title='bbox 1290 1276 1426 1357; x_wconf 86' lang='lat' dir='ltr'><em>apparet</em></span> <span class='ocrx_word' id='word_1_78' title='bbox 1449 1271 1495 1336; x_wconf 88' lang='lat' dir='ltr'><em>sic</em></span> <span class='ocrx_word' id='word_1_79' title='bbox 1518 1271 1723 1335; x_wconf 88' lang='lat' dir='ltr'><em>scribendum</em></span> <span class='ocrx_word' id='word_1_80' title='bbox 1746 1292 1827 1334; x_wconf 84' lang='lat' dir='ltr'><em>esse:</em></span> 
     </span>
    </p>
   </div>
   <div class='ocr_carea' id='block_1_3' title="bbox 630 1391 1475 1909">
    <p class='ocr_par' dir='ltr' id='par_1_3' title="bbox 633 1391 1468 1588">
     <span class='ocr_line' id='line_1_10' title="bbox 633 1391 1422 1478; baseline 0.001 -18"><span class='ocrx_word' id='word_1_81' title='bbox 633 1397 686 1461; x_wconf 90' lang='grc'><em>21.</em></span> <span class='ocrx_word' id='word_1_82' title='bbox 708 1396 830 1461; x_wconf 85' lang='lat' dir='ltr'><em>Etrus</em></span> <span class='ocrx_word' id='word_1_83' title='bbox 852 1397 887 1460; x_wconf 95' lang='lat' dir='ltr'><em>in</em></span> <span class='ocrx_word' id='word_1_84' title='bbox 908 1396 982 1460; x_wconf 82' lang='lat' dir='ltr'><em>urhe</em></span> <span class='ocrx_word' id='word_1_85' title='bbox 1003 1401 1048 1460; x_wconf 87' lang='lat' dir='ltr'><em>est</em></span> <span class='ocrx_word' id='word_1_86' title='bbox 1068 1391 1239 1478; x_wconf 70' lang='lat' dir='ltr'><em>vinitorque</em></span> <span class='ocrx_word' id='word_1_87' title='bbox 1260 1395 1422 1461; x_wconf 86' lang='lat' dir='ltr'><em>Ronanus</em></span> 
     </span>
     <span class='ocr_line' id='line_1_11' title="bbox 710 1501 1468 1588; baseline -0.001 -21"><span class='ocrx_word' id='word_1_88' title='bbox 710 1501 790 1584; x_wconf 86' lang='lat' dir='ltr'><em>(Nec</em></span> <span class='ocrx_word' id='word_1_89' title='bbox 812 1504 847 1566; x_wconf 90' lang='lat' dir='ltr'><em>in</em></span> <span class='ocrx_word' id='word_1_90' title='bbox 870 1501 1007 1566; x_wconf 83' lang='lat' dir='ltr'><em>Falerno</em></span> <span class='ocrx_word' id='word_1_91' title='bbox 1029 1503 1102 1567; x_wconf 85' lang='lat' dir='ltr'><em>colle</em></span> <span class='ocrx_word' id='word_1_92' title='bbox 1124 1505 1226 1567; x_wconf 80' lang='lat' dir='ltr'><em>mour</em></span> <span class='ocrx_word' id='word_1_93' title='bbox 1247 1504 1468 1588; x_wconf 79' lang='lat' dir='ltr'><em>ouoturnnus),</em></span> 
     </span>
    </p>

    <p class='ocr_par' dir='ltr' id='par_1_4' title="bbox 630 1607 1475 1802">
     <span class='ocr_line' id='line_1_12' title="bbox 630 1607 1475 1695; baseline 0.002 -22"><span class='ocrx_word' id='word_1_94' title='bbox 630 1680 632 1684; x_wconf 7' lang='grc' dir='ltr'>μ</span> <span class='ocrx_word' id='word_1_95' title='bbox 709 1607 860 1692; x_wconf 74' lang='lat' dir='ltr'><em>Intraque</em></span> <span class='ocrx_word' id='word_1_96' title='bbox 883 1610 976 1674; x_wconf 87' lang='lat' dir='ltr'><em>tinen</em></span> <span class='ocrx_word' id='word_1_97' title='bbox 998 1611 1099 1675; x_wconf 78' lang='lat' dir='ltr'><em>otiosus</em></span> <span class='ocrx_word' id='word_1_98' title='bbox 1121 1611 1220 1675; x_wconf 70' lang='lat' dir='ltr'><em>caedo</em></span> <span class='ocrx_word' id='word_1_99' title='bbox 1243 1631 1363 1695; x_wconf 73' lang='lat' dir='ltr'><em>cursuS,</em></span> <span class='ocrx_word' id='word_1_100' title='bbox 1430 1615 1433 1628; x_wconf 91' lang='lat'>&#39;</span> <span class='ocrx_word' id='word_1_101' title='bbox 1473 1662 1475 1666; x_wconf 90' lang='lat'>.</span> 
     </span>
     <span class='ocr_line' id='line_1_13' title="bbox 708 1716 1418 1802; baseline 0.001 -22"><span class='ocrx_word' id='word_1_102' title='bbox 708 1716 755 1781; x_wconf 84' lang='lat' dir='ltr'><em>Et</em></span> <span class='ocrx_word' id='word_1_103' title='bbox 775 1718 810 1780; x_wconf 91' lang='lat' dir='ltr'><em>in</em></span> <span class='ocrx_word' id='word_1_104' title='bbox 826 1717 984 1800; x_wconf 62' lang='lat' dir='ltr'><em>pofundo</em></span> <span class='ocrx_word' id='word_1_105' title='bbox 1006 1737 1143 1802; x_wconf 83' lang='lat' dir='ltr'><em>somnus,</em></span> <span class='ocrx_word' id='word_1_106' title='bbox 1166 1723 1195 1782; x_wconf 88' lang='lat' dir='ltr'><em>et</em></span> <span class='ocrx_word' id='word_1_107' title='bbox 1215 1719 1301 1798; x_wconf 90' lang='lat' dir='ltr'><em>quies</em></span> <span class='ocrx_word' id='word_1_108' title='bbox 1321 1717 1418 1782; x_wconf 85' lang='lat' dir='ltr'><em>nullis</em></span> 
     </span>
    </p>

    <p class='ocr_par' dir='ltr' id='par_1_5' title="bbox 636 1822 1422 1909">
     <span class='ocr_line' id='line_1_14' title="bbox 636 1822 1422 1909; baseline 0.003 -22"><span class='ocrx_word' id='word_1_109' title='bbox 636 1823 688 1888; x_wconf 82' lang='grc'><em>25.</em></span> <span class='ocrx_word' id='word_1_110' title='bbox 712 1822 838 1903; x_wconf 82' lang='lat' dir='ltr'><em>Offensa</em></span> <span class='ocrx_word' id='word_1_111' title='bbox 861 1824 989 1909; x_wconf 83' lang='lat' dir='ltr'><em>linquis,</em></span> <span class='ocrx_word' id='word_1_112' title='bbox 1011 1844 1065 1888; x_wconf 89' lang='lat' dir='ltr'><em>nec</em></span> <span class='ocrx_word' id='word_1_113' title='bbox 1086 1825 1150 1888; x_wconf 89' lang='lat' dir='ltr'><em>dies</em></span> <span class='ocrx_word' id='word_1_114' title='bbox 1172 1826 1237 1888; x_wconf 87' lang='lat' dir='ltr'><em>uisi</em></span> <span class='ocrx_word' id='word_1_115' title='bbox 1258 1825 1422 1889; x_wconf 68' lang='grc'>1111113111.</span> 
     </span>
    </p>
   </div>
   <div class='ocr_carea' id='block_1_4' title="bbox 141 1931 1825 2142">
    <p class='ocr_par' dir='ltr' id='par_1_6' title="bbox 141 1931 1825 2142">
     <span class='ocr_line' id='line_1_15' title="bbox 178 1931 1825 2036; baseline 0 -26"><span class='ocrx_word' id='word_1_116' title='bbox 178 1947 265 2011; x_wconf 90' lang='lat' dir='ltr'><em>Nam</em></span> <span class='ocrx_word' id='word_1_117' title='bbox 288 1967 400 2011; x_wconf 81' lang='lat' dir='ltr'><em>versus</em></span> <span class='ocrx_word' id='word_1_118' title='bbox 430 1948 473 2011; x_wconf 91' lang='grc'><em>22</em></span> <span class='ocrx_word' id='word_1_119' title='bbox 496 1953 548 2036; x_wconf 76' lang='lat' dir='ltr'><em>est</em></span> <span class='ocrx_word' id='word_1_120' title='bbox 569 1947 787 2032; x_wconf 80' lang='lat' dir='ltr'><em>parenthesis,</em></span> <span class='ocrx_word' id='word_1_121' title='bbox 814 1949 949 2026; x_wconf 85' lang='lat' dir='ltr'><em>verbum</em></span> <span class='ocrx_word' id='word_1_122' title='bbox 972 1951 1081 2013; x_wconf 88' lang='lat' dir='ltr'><em>autem</em></span> <span class='ocrx_word' id='word_1_123' title='bbox 1110 1945 1296 2036; x_wconf 81' lang='grc'>111(1.21)</span> <span class='ocrx_word' id='word_1_124' title='bbox 1319 1971 1385 2013; x_wconf 90' lang='lat' dir='ltr'><em>non</em></span> <span class='ocrx_word' id='word_1_125' title='bbox 1408 1948 1504 2013; x_wconf 90' lang='lat' dir='ltr'><em>modo</em></span> <span class='ocrx_word' id='word_1_126' title='bbox 1528 1946 1569 2011; x_wconf 89' lang='lat' dir='ltr'><em>ad</em></span> <span class='ocrx_word' id='word_1_127' title='bbox 1593 1931 1825 2012; x_wconf 54' lang='lat' dir='ltr'><em>substantivas</em></span> 
     </span>
     <span class='ocr_line' id='line_1_16' title="bbox 141 2049 1817 2142; baseline 0.002 -30"><span class='ocrx_word' id='word_1_128' title='bbox 141 2106 144 2111; x_wconf 89' lang='lat'><em>.</em></span> <span class='ocrx_word' id='word_1_129' title='bbox 178 2055 292 2117; x_wconf 79' lang='lat' dir='ltr'><em>vinitor</em></span> <span class='ocrx_word' id='word_1_130' title='bbox 315 2049 358 2138; x_wconf 86' lang='lat' dir='ltr'><em>(v.</em></span> <span class='ocrx_word' id='word_1_131' title='bbox 378 2050 435 2139; x_wconf 89' lang='grc'><em>21)</em></span> <span class='ocrx_word' id='word_1_132' title='bbox 459 2054 614 2139; x_wconf 79' lang='lat' dir='ltr'><em>pertinet,</em></span> <span class='ocrx_word' id='word_1_133' title='bbox 637 2054 693 2120; x_wconf 90' lang='lat' dir='ltr'><em>sed</em></span> <span class='ocrx_word' id='word_1_134' title='bbox 716 2055 803 2119; x_wconf 88' lang='lat' dir='ltr'><em>idem</em></span> <span class='ocrx_word' id='word_1_135' title='bbox 826 2055 868 2119; x_wconf 89' lang='lat' dir='ltr'><em>ad</em></span> <span class='ocrx_word' id='word_1_136' title='bbox 890 2076 997 2120; x_wconf 87' lang='lat' dir='ltr'><em>cursus</em></span> <span class='ocrx_word' id='word_1_137' title='bbox 1020 2053 1064 2142; x_wconf 86' lang='lat' dir='ltr'><em>(v.</em></span> <span class='ocrx_word' id='word_1_138' title='bbox 1083 2052 1155 2142; x_wconf 95' lang='grc'>23),</span> <span class='ocrx_word' id='word_1_139' title='bbox 1177 2076 1315 2140; x_wconf 85' lang='lat' dir='ltr'><em>somnus,</em></span> <span class='ocrx_word' id='word_1_140' title='bbox 1338 2056 1422 2138; x_wconf 87' lang='lat' dir='ltr'><em>quies</em></span> <span class='ocrx_word' id='word_1_141' title='bbox 1445 2050 1490 2141; x_wconf 87' lang='lat' dir='ltr'><em>(v.</em></span> <span class='ocrx_word' id='word_1_142' title='bbox 1507 2051 1580 2140; x_wconf 89' lang='grc'>24),</span> <span class='ocrx_word' id='word_1_143' title='bbox 1602 2056 1666 2119; x_wconf 87' lang='lat' dir='ltr'><em>dies</em></span> <span class='ocrx_word' id='word_1_144' title='bbox 1689 2049 1731 2138; x_wconf 88' lang='lat' dir='ltr'><em>(v.</em></span> <span class='ocrx_word' id='word_1_145' title='bbox 1750 2052 1817 2139; x_wconf 87' lang='grc'>25).</span> 
     </span>
    </p>
   </div>
   <div class='ocr_carea' id='block_1_5' title="bbox 180 2208 1824 2408">
    <p class='ocr_par' dir='ltr' id='par_1_7' title="bbox 180 2208 1824 2408">
     <span class='ocr_line' id='line_1_17' title="bbox 338 2208 1824 2311; baseline -0.001 -34"><span class='ocrx_word' id='word_1_146' title='bbox 338 2214 378 2278; x_wconf 92' lang='lat' dir='ltr'><em>In</em></span> <span class='ocrx_word' id='word_1_147' title='bbox 400 2235 495 2278; x_wconf 92' lang='lat' dir='ltr'><em>usum</em></span> <span class='ocrx_word' id='word_1_148' title='bbox 518 2208 600 2299; x_wconf 88' lang='lat' dir='ltr'><em>eius,</em></span> <span class='ocrx_word' id='word_1_149' title='bbox 624 2216 679 2299; x_wconf 92' lang='lat' dir='ltr'><em>qui</em></span> <span class='ocrx_word' id='word_1_150' title='bbox 702 2215 862 2280; x_wconf 78' lang='lat' dir='ltr'><em>Martialis</em></span> <span class='ocrx_word' id='word_1_151' title='bbox 886 2216 1124 2311; x_wconf 85' lang='lat' dir='ltr'><em>epigrammata</em></span> <span class='ocrx_word' id='word_1_152' title='bbox 1148 2217 1235 2299; x_wconf 89' lang='lat' dir='ltr'><em>edet,</em></span> <span class='ocrx_word' id='word_1_153' title='bbox 1257 2238 1369 2281; x_wconf 85' lang='lat' dir='ltr'><em>versus</em></span> <span class='ocrx_word' id='word_1_154' title='bbox 1388 2215 1562 2280; x_wconf 91' lang='lat' dir='ltr'><em>nonnullos</em></span> <span class='ocrx_word' id='word_1_155' title='bbox 1583 2213 1713 2298; x_wconf 86' lang='lat' dir='ltr'><em>addam,</em></span> <span class='ocrx_word' id='word_1_156' title='bbox 1736 2213 1824 2297; x_wconf 78' lang='lat' dir='ltr'><em>ubi,‹</em></span> 
     </span>
     <span class='ocr_line' id='line_1_18' title="bbox 180 2320 1824 2408; baseline 0.001 -24"><span class='ocrx_word' id='word_1_157' title='bbox 180 2342 278 2405; x_wconf 90' lang='lat' dir='ltr'><em>quam</em></span> <span class='ocrx_word' id='word_1_158' title='bbox 300 2324 386 2385; x_wconf 88' lang='lat' dir='ltr'><em>recte</em></span> <span class='ocrx_word' id='word_1_159' title='bbox 410 2321 451 2386; x_wconf 89' lang='lat' dir='ltr'><em>ab</em></span> <span class='ocrx_word' id='word_1_160' title='bbox 475 2321 654 2386; x_wconf 81' lang='lat' dir='ltr'><em>editoribus</em></span> <span class='ocrx_word' id='word_1_161' title='bbox 678 2322 831 2406; x_wconf 89' lang='lat' dir='ltr'><em>explicati</em></span> <span class='ocrx_word' id='word_1_162' title='bbox 854 2327 943 2407; x_wconf 87' lang='lat' dir='ltr'><em>sunt,</em></span> <span class='ocrx_word' id='word_1_163' title='bbox 970 2328 1080 2388; x_wconf 86' lang='lat' dir='ltr'><em>tamen</em></span> <span class='ocrx_word' id='word_1_164' title='bbox 1103 2323 1169 2387; x_wconf 87' lang='lat' dir='ltr'><em>alia</em></span> <span class='ocrx_word' id='word_1_165' title='bbox 1189 2321 1407 2408; x_wconf 76' lang='lat' dir='ltr'><em>interpunctio</em></span> <span class='ocrx_word' id='word_1_166' title='bbox 1432 2321 1513 2386; x_wconf 91' lang='lat' dir='ltr'><em>mihi</em></span> <span class='ocrx_word' id='word_1_167' title='bbox 1538 2320 1687 2386; x_wconf 88' lang='lat' dir='ltr'><em>videatur</em></span> <span class='ocrx_word' id='word_1_168' title='bbox 1712 2320 1824 2405; x_wconf 81' lang='lat' dir='ltr'><em>praese:</em></span> 
     </span>
    </p>
   </div>
   <div class='ocr_carea' id='block_1_6' title="bbox 179 2445 1824 2643">
    <p class='ocr_par' dir='ltr' id='par_1_8' title="bbox 179 2445 1824 2643">
     <span class='ocr_line' id='line_1_19' title="bbox 339 2445 1824 2532; baseline 0.004 -29"><span class='ocrx_word' id='word_1_169' title='bbox 339 2446 437 2522; x_wconf 76' lang='lat' dir='ltr'><em>spect.</em></span> <span class='ocrx_word' id='word_1_170' title='bbox 454 2446 508 2516; x_wconf 78' lang='lat'><em>24,</em></span> <span class='ocrx_word' id='word_1_171' title='bbox 523 2447 592 2508; x_wconf 73' lang='lat' dir='ltr'><em>ds:</em></span> <span class='ocrx_word' id='word_1_172' title='bbox 624 2445 700 2532; x_wconf 89' lang='lat' dir='ltr'><em>quia</em></span> <span class='ocrx_word' id='word_1_173' title='bbox 722 2452 821 2530; x_wconf 84' lang='lat' dir='ltr'><em>spectu</em></span> <span class='ocrx_word' id='word_1_174' title='bbox 845 2448 1076 2513; x_wconf 87' lang='lat' dir='ltr'><em>enuntiationis</em></span> <span class='ocrx_word' id='word_1_175' title='bbox 1107 2447 1334 2513; x_wconf 87' lang='lat' dir='ltr'><em>conditionalis</em></span> <span class='ocrx_word' id='word_1_176' title='bbox 1363 2447 1466 2512; x_wconf 88' lang='lat' dir='ltr'><em>vicem</em></span> <span class='ocrx_word' id='word_1_177' title='bbox 1489 2448 1611 2532; x_wconf 87' lang='lat' dir='ltr'><em>explet,</em></span> <span class='ocrx_word' id='word_1_178' title='bbox 1633 2445 1668 2510; x_wconf 90' lang='lat' dir='ltr'><em>in</em></span> <span class='ocrx_word' id='word_1_179' title='bbox 1690 2445 1753 2511; x_wconf 90' lang='lat' dir='ltr'><em>fine</em></span> <span class='ocrx_word' id='word_1_180' title='bbox 1776 2467 1824 2510; x_wconf 85' lang='lat' dir='ltr'><em>ver</em></span> 
     </span>
     <span class='ocr_line' id='line_1_20' title="bbox 179 2551 1824 2643; baseline -0.001 -26"><span class='ocrx_word' id='word_1_181' title='bbox 179 2574 245 2618; x_wconf 91' lang='lat' dir='ltr'><em>non</em></span> <span class='ocrx_word' id='word_1_182' title='bbox 277 2556 448 2638; x_wconf 90' lang='lat' dir='ltr'><em>punctum,</em></span> <span class='ocrx_word' id='word_1_183' title='bbox 478 2553 535 2619; x_wconf 91' lang='lat' dir='ltr'><em>sed</em></span> <span class='ocrx_word' id='word_1_184' title='bbox 565 2554 672 2639; x_wconf 87' lang='lat' dir='ltr'><em>colon,</em></span> <span class='ocrx_word' id='word_1_185' title='bbox 701 2558 778 2638; x_wconf 88' lang='lat' dir='ltr'><em>post</em></span> <span class='ocrx_word' id='word_1_186' title='bbox 806 2576 903 2642; x_wconf 77' lang='lat' dir='ltr'><em>cnoro</em></span> <span class='ocrx_word' id='word_1_187' title='bbox 924 2551 1062 2620; x_wconf 89' lang='lat' dir='ltr'><em>estnon</em></span> <span class='ocrx_word' id='word_1_188' title='bbox 1093 2556 1201 2636; x_wconf 90' lang='lat' dir='ltr'><em>colon,</em></span> <span class='ocrx_word' id='word_1_189' title='bbox 1231 2555 1287 2620; x_wconf 90' lang='lat' dir='ltr'><em>sed</em></span> <span class='ocrx_word' id='word_1_190' title='bbox 1318 2576 1445 2643; x_wconf 82' lang='lat' dir='ltr'><em>comma</em></span> <span class='ocrx_word' id='word_1_191' title='bbox 1474 2553 1553 2638; x_wconf 93' lang='lat' dir='ltr'><em>poni</em></span> <span class='ocrx_word' id='word_1_192' title='bbox 1576 2552 1689 2617; x_wconf 85' lang='lat' dir='ltr'><em>velim:</em></span> <span class='ocrx_word' id='word_1_193' title='bbox 1718 2556 1824 2636; x_wconf 72' lang='lat' dir='ltr'><em>spino</em></span> 
     </span>
    </p>
   </div>
   <div class='ocr_carea' id='block_1_7' title="bbox 84 2659 1824 2747">
    <p class='ocr_par' dir='ltr' id='par_1_9' title="bbox 84 2659 1824 2747">
     <span class='ocr_line' id='line_1_21' title="bbox 84 2659 1824 2747; baseline 0.003 -23"><span class='ocrx_word' id='word_1_194' title='bbox 84 2740 86 2745; x_wconf 23' lang='grc' dir='ltr'>Ι</span> <span class='ocrx_word' id='word_1_195' title='bbox 180 2660 300 2724; x_wconf 83' lang='lat' dir='ltr'><em>lassant</em></span> <span class='ocrx_word' id='word_1_196' title='bbox 321 2680 455 2743; x_wconf 86' lang='lat' dir='ltr'><em>aequora</em></span> <span class='ocrx_word' id='word_1_197' title='bbox 476 2661 630 2725; x_wconf 82' lang='lat' dir='ltr'><em>Mortem:</em></span> <span class='ocrx_word' id='word_1_198' title='bbox 653 2681 757 2744; x_wconf 85' lang='lat' dir='ltr'><em>porou</em></span> <span class='ocrx_word' id='word_1_199' title='bbox 780 2682 868 2726; x_wconf 87' lang='lat' dir='ltr'><em>rnoro</em></span> <span class='ocrx_word' id='word_1_200' title='bbox 890 2666 952 2746; x_wconf 92' lang='lat' dir='ltr'><em>est,</em></span> <span class='ocrx_word' id='word_1_201' title='bbox 970 2663 1048 2727; x_wconf 88' lang='lat' dir='ltr'><em>dices</em></span> <span class='ocrx_word' id='word_1_202' title='bbox 1070 2663 1160 2747; x_wconf 89' lang='lat' dir='ltr'><em>„Hic</em></span> <span class='ocrx_word' id='word_1_203' title='bbox 1178 2664 1265 2727; x_wconf 85' lang='lat' dir='ltr'><em>ruodo</em></span> <span class='ocrx_word' id='word_1_204' title='bbox 1286 2667 1403 2745; x_wconf 88' lang='lat' dir='ltr'><em>pontus</em></span> <span class='ocrx_word' id='word_1_205' title='bbox 1425 2659 1521 2725; x_wconf 83' lang='lat' dir='ltr'><em>erot“.</em></span> <span class='ocrx_word' id='word_1_206' title='bbox 1539 2696 1575 2705; x_wconf 95' lang='lat'>—</span> <span class='ocrx_word' id='word_1_207' title='bbox 1597 2659 1722 2734; x_wconf 84' lang='lat' dir='ltr'><em>1,14,a</em></span> <span class='ocrx_word' id='word_1_208' title='bbox 1745 2659 1824 2729; x_wconf 65' lang='lat' dir='ltr'><em>et11</em></span> 
     </span>
    </p>
   </div>
   <div class='ocr_carea' id='block_1_8' title="bbox 175 2764 1824 4462">
    <p class='ocr_par' dir='ltr' id='par_1_10' title="bbox 175 2764 1824 4462">
     <span class='ocr_line' id='line_1_22' title="bbox 180 2764 1824 2854; baseline -0.001 -24"><span class='ocrx_word' id='word_1_209' title='bbox 180 2766 383 2851; x_wconf 85' lang='lat' dir='ltr'><em>parenthesis</em></span> <span class='ocrx_word' id='word_1_210' title='bbox 398 2767 502 2849; x_wconf 82' lang='lat' dir='ltr'><em>signis</em></span> <span class='ocrx_word' id='word_1_211' title='bbox 516 2769 673 2833; x_wconf 87' lang='lat' dir='ltr'><em>utendum</em></span> <span class='ocrx_word' id='word_1_212' title='bbox 691 2773 750 2833; x_wconf 89' lang='lat' dir='ltr'><em>est.</em></span> <span class='ocrx_word' id='word_1_213' title='bbox 766 2806 806 2816; x_wconf 90' lang='lat'>-</span> <span class='ocrx_word' id='word_1_214' title='bbox 826 2771 874 2848; x_wconf 89' lang='lat'><em>11,</em></span> <span class='ocrx_word' id='word_1_215' title='bbox 891 2768 938 2844; x_wconf 79' lang='lat' dir='ltr'><em>at,</em></span> <span class='ocrx_word' id='word_1_216' title='bbox 951 2770 971 2829; x_wconf 91' lang='lat'>4</span> <span class='ocrx_word' id='word_1_217' title='bbox 993 2775 1069 2854; x_wconf 90' lang='lat' dir='ltr'><em>post</em></span> <span class='ocrx_word' id='word_1_218' title='bbox 1084 2768 1164 2835; x_wconf 81' lang='lat' dir='ltr'><em>Selii</em></span> <span class='ocrx_word' id='word_1_219' title='bbox 1179 2769 1430 2835; x_wconf 85' lang='lat' dir='ltr'><em>exclamationes</em></span> <span class='ocrx_word' id='word_1_220' title='bbox 1445 2769 1545 2833; x_wconf 89' lang='lat' dir='ltr'><em>etiam</em></span> <span class='ocrx_word' id='word_1_221' title='bbox 1560 2767 1643 2851; x_wconf 88' lang='lat' dir='ltr'><em>eius,</em></span> <span class='ocrx_word' id='word_1_222' title='bbox 1662 2789 1757 2851; x_wconf 92' lang='lat' dir='ltr'><em>quem</em></span> <span class='ocrx_word' id='word_1_223' title='bbox 1770 2764 1824 2830; x_wconf 90' lang='lat' dir='ltr'><em>Ma</em></span> 
     </span>
     <span class='ocr_line' id='line_1_23' title="bbox 181 2872 1821 2963; baseline -0.002 -26"><span class='ocrx_word' id='word_1_224' title='bbox 181 2873 374 2959; x_wconf 88' lang='lat' dir='ltr'><em>alloquitur,</em></span> <span class='ocrx_word' id='word_1_225' title='bbox 395 2875 494 2939; x_wconf 86' lang='lat' dir='ltr'><em>verba</em></span> <span class='ocrx_word' id='word_1_226' title='bbox 523 2875 622 2956; x_wconf 83' lang='lat' dir='ltr'><em>(fucta</em></span> <span class='ocrx_word' id='word_1_227' title='bbox 651 2881 694 2940; x_wconf 89' lang='lat' dir='ltr'><em>est</em></span> <span class='ocrx_word' id='word_1_228' title='bbox 721 2878 787 2940; x_wconf 83' lang='lat' dir='ltr'><em>iarn</em></span> <span class='ocrx_word' id='word_1_229' title='bbox 817 2877 872 2940; x_wconf 86' lang='lat' dir='ltr'><em>tihi</em></span> <span class='ocrx_word' id='word_1_230' title='bbox 901 2897 989 2958; x_wconf 76' lang='lat' dir='ltr'><em>nno,</em></span> <span class='ocrx_word' id='word_1_231' title='bbox 1019 2878 1096 2959; x_wconf 87' lang='lat' dir='ltr'><em>tuoe)</em></span> <span class='ocrx_word' id='word_1_232' title='bbox 1121 2876 1243 2963; x_wconf 83' lang='lat' dir='ltr'><em>dialogi</em></span> <span class='ocrx_word' id='word_1_233' title='bbox 1272 2877 1357 2941; x_wconf 89' lang='lat' dir='ltr'><em>notis</em></span> <span class='ocrx_word' id='word_1_234' title='bbox 1381 2876 1574 2940; x_wconf 90' lang='lat' dir='ltr'><em>includenda</em></span> <span class='ocrx_word' id='word_1_235' title='bbox 1597 2878 1682 2939; x_wconf 85' lang='lat' dir='ltr'><em>sunt.</em></span> <span class='ocrx_word' id='word_1_236' title='bbox 1705 2908 1747 2919; x_wconf 95' lang='lat'><em>-</em></span> <span class='ocrx_word' id='word_1_237' title='bbox 1775 2872 1821 2945; x_wconf 89' lang='lat'><em>11,</em></span> 
     </span>
     <span class='ocr_line' id='line_1_24' title="bbox 181 2980 1823 3067; baseline 0 -23"><span class='ocrx_word' id='word_1_238' title='bbox 181 2981 220 3044; x_wconf 91' lang='lat' dir='ltr'><em>In</em></span> <span class='ocrx_word' id='word_1_239' title='bbox 243 2980 348 3045; x_wconf 88' lang='lat' dir='ltr'><em>altera</em></span> <span class='ocrx_word' id='word_1_240' title='bbox 377 2981 519 3047; x_wconf 90' lang='lat' dir='ltr'><em>editione</em></span> <span class='ocrx_word' id='word_1_241' title='bbox 544 2980 806 3049; x_wconf 83' lang='lat' dir='ltr'><em>Schneidewinus</em></span> <span class='ocrx_word' id='word_1_242' title='bbox 836 2983 918 3048; x_wconf 89' lang='lat' dir='ltr'><em>bene</em></span> <span class='ocrx_word' id='word_1_243' title='bbox 949 2983 1070 3048; x_wconf 83' lang='lat' dir='ltr'><em>delevit</em></span> <span class='ocrx_word' id='word_1_244' title='bbox 1099 3005 1225 3048; x_wconf 89' lang='lat' dir='ltr'><em>comma</em></span> <span class='ocrx_word' id='word_1_245' title='bbox 1255 2988 1329 3048; x_wconf 89' lang='lat' dir='ltr'><em>ante</em></span> <span class='ocrx_word' id='word_1_246' title='bbox 1359 2984 1452 3067; x_wconf 92' lang='lat' dir='ltr'><em>quod,</em></span> <span class='ocrx_word' id='word_1_247' title='bbox 1475 2982 1560 3047; x_wconf 91' lang='lat' dir='ltr'><em>male</em></span> <span class='ocrx_word' id='word_1_248' title='bbox 1589 2981 1685 3045; x_wconf 88' lang='lat' dir='ltr'><em>simul</em></span> <span class='ocrx_word' id='word_1_249' title='bbox 1710 3002 1823 3045; x_wconf 71' lang='lat' dir='ltr'><em>commi</em></span> 
     </span>
     <span class='ocr_line' id='line_1_25' title="bbox 175 3087 1823 3175; baseline 0 -23"><span class='ocrx_word' id='word_1_250' title='bbox 175 3093 318 3170; x_wconf 80' lang='lat' dir='ltr'><em>praestas</em></span> <span class='ocrx_word' id='word_1_251' title='bbox 336 3088 455 3154; x_wconf 90' lang='lat' dir='ltr'><em>omisit.</em></span> <span class='ocrx_word' id='word_1_252' title='bbox 473 3126 510 3136; x_wconf 90' lang='lat'><em>-</em></span> <span class='ocrx_word' id='word_1_253' title='bbox 532 3091 579 3171; x_wconf 88' lang='lat'><em>11,</em></span> <span class='ocrx_word' id='word_1_254' title='bbox 593 3092 677 3169; x_wconf 73' lang='lat' dir='ltr'><em>oa4</em></span> <span class='ocrx_word' id='word_1_255' title='bbox 700 3095 777 3175; x_wconf 89' lang='lat' dir='ltr'><em>post</em></span> <span class='ocrx_word' id='word_1_256' title='bbox 799 3095 918 3156; x_wconf 85' lang='lat' dir='ltr'><em>cenaret</em></span> <span class='ocrx_word' id='word_1_257' title='bbox 937 3112 1062 3155; x_wconf 89' lang='lat' dir='ltr'><em>comma</em></span> <span class='ocrx_word' id='word_1_258' title='bbox 1082 3090 1263 3155; x_wconf 89' lang='lat' dir='ltr'><em>addendum</em></span> <span class='ocrx_word' id='word_1_259' title='bbox 1283 3094 1341 3156; x_wconf 89' lang='lat' dir='ltr'><em>est.</em></span> <span class='ocrx_word' id='word_1_260' title='bbox 1356 3127 1396 3137; x_wconf 90' lang='lat'><em>-</em></span> <span class='ocrx_word' id='word_1_261' title='bbox 1417 3089 1501 3154; x_wconf 90' lang='lat' dir='ltr'><em>Item</em></span> <span class='ocrx_word' id='word_1_262' title='bbox 1526 3088 1637 3168; x_wconf 82' lang='lat'><em>11,74‚</em></span> <span class='ocrx_word' id='word_1_263' title='bbox 1653 3088 1668 3146; x_wconf 95' lang='lat'>1</span> <span class='ocrx_word' id='word_1_264' title='bbox 1687 3087 1722 3151; x_wconf 89' lang='lat' dir='ltr'><em>in</em></span> <span class='ocrx_word' id='word_1_265' title='bbox 1735 3088 1823 3152; x_wconf 75' lang='lat' dir='ltr'><em>fines</em></span> 
     </span>
     <span class='ocr_line' id='line_1_26' title="bbox 184 3190 1823 3282; baseline 0.001 -27"><span class='ocrx_word' id='word_1_266' title='bbox 184 3230 221 3240; x_wconf 97' lang='lat'>-</span> <span class='ocrx_word' id='word_1_267' title='bbox 246 3195 308 3267; x_wconf 91' lang='lat'><em>111,</em></span> <span class='ocrx_word' id='word_1_268' title='bbox 324 3196 403 3267; x_wconf 66' lang='grc'><em>185</em></span> <span class='ocrx_word' id='word_1_269' title='bbox 433 3196 520 3260; x_wconf 94' lang='lat' dir='ltr'><em>linea</em></span> <span class='ocrx_word' id='word_1_270' title='bbox 548 3196 584 3260; x_wconf 94' lang='lat' dir='ltr'><em>in</em></span> <span class='ocrx_word' id='word_1_271' title='bbox 613 3197 676 3263; x_wconf 88' lang='lat' dir='ltr'><em>fine</em></span> <span class='ocrx_word' id='word_1_272' title='bbox 706 3221 817 3264; x_wconf 88' lang='lat' dir='ltr'><em>versus</em></span> <span class='ocrx_word' id='word_1_273' title='bbox 854 3197 991 3263; x_wconf 89' lang='lat' dir='ltr'><em>delenda</em></span> <span class='ocrx_word' id='word_1_274' title='bbox 1021 3203 1084 3282; x_wconf 73' lang='lat' dir='ltr'><em>est,</em></span> <span class='ocrx_word' id='word_1_275' title='bbox 1119 3219 1196 3261; x_wconf 89' lang='lat' dir='ltr'><em>nam</em></span> <span class='ocrx_word' id='word_1_276' title='bbox 1220 3201 1306 3262; x_wconf 89' lang='lat' dir='ltr'><em>recte</em></span> <span class='ocrx_word' id='word_1_277' title='bbox 1330 3196 1559 3263; x_wconf 77' lang='lat' dir='ltr'><em>Friedlaender</em></span> <span class='ocrx_word' id='word_1_278' title='bbox 1582 3190 1695 3281; x_wconf 73' lang='lat' dir='ltr'><em>(head.</em></span> <span class='ocrx_word' id='word_1_279' title='bbox 1714 3193 1823 3258; x_wconf 84' lang='lat' dir='ltr'><em>Alb.I</em></span> 
     </span>
     <span class='ocr_line' id='line_1_27' title="bbox 183 3299 1823 3389; baseline -0.001 -24"><span class='ocrx_word' id='word_1_280' title='bbox 183 3299 335 3388; x_wconf 77' lang='lat'>187811)</span> <span class='ocrx_word' id='word_1_281' title='bbox 360 3302 510 3386; x_wconf 85' lang='lat' dir='ltr'><em>exposuit</em></span> <span class='ocrx_word' id='word_1_282' title='bbox 531 3308 612 3384; x_wconf 86' lang='lat' dir='ltr'><em>puto</em></span> <span class='ocrx_word' id='word_1_283' title='bbox 637 3304 691 3369; x_wconf 93' lang='lat' dir='ltr'><em>hic</em></span> <span class='ocrx_word' id='word_1_284' title='bbox 713 3305 834 3370; x_wconf 90' lang='lat' dir='ltr'><em>ironice</em></span> <span class='ocrx_word' id='word_1_285' title='bbox 858 3306 980 3369; x_wconf 86' lang='lat' dir='ltr'><em>dictum</em></span> <span class='ocrx_word' id='word_1_286' title='bbox 1000 3326 1083 3389; x_wconf 88' lang='lat' dir='ltr'><em>esse,</em></span> <span class='ocrx_word' id='word_1_287' title='bbox 1103 3326 1299 3389; x_wconf 89' lang='lat' dir='ltr'><em>quamquam</em></span> <span class='ocrx_word' id='word_1_288' title='bbox 1319 3304 1392 3368; x_wconf 88' lang='lat' dir='ltr'><em>aliis</em></span> <span class='ocrx_word' id='word_1_289' title='bbox 1411 3303 1491 3368; x_wconf 88' lang='lat' dir='ltr'><em>locis</em></span> <span class='ocrx_word' id='word_1_290' title='bbox 1510 3303 1573 3367; x_wconf 89' lang='lat' dir='ltr'><em>hoc</em></span> <span class='ocrx_word' id='word_1_291' title='bbox 1590 3300 1783 3386; x_wconf 89' lang='lat' dir='ltr'><em>imperativo</em></span> <span class='ocrx_word' id='word_1_292' title='bbox 1802 3324 1823 3385; x_wconf 93' lang='lat' dir='ltr'><em>p</em></span> 
     </span>
     <span class='ocr_line' id='line_1_28' title="bbox 182 3408 1823 3505; baseline 0.001 -34"><span class='ocrx_word' id='word_1_293' title='bbox 182 3408 228 3472; x_wconf 89' lang='lat' dir='ltr'><em>sic</em></span> <span class='ocrx_word' id='word_1_294' title='bbox 250 3430 345 3472; x_wconf 91' lang='lat' dir='ltr'><em>usum</em></span> <span class='ocrx_word' id='word_1_295' title='bbox 369 3430 440 3505; x_wconf 80' lang='lat' dir='ltr'><em>esse</em></span> <span class='ocrx_word' id='word_1_296' title='bbox 463 3431 528 3473; x_wconf 92' lang='lat' dir='ltr'><em>non</em></span> <span class='ocrx_word' id='word_1_297' title='bbox 552 3412 698 3495; x_wconf 83' lang='lat' dir='ltr'><em>cognovi.</em></span> <span class='ocrx_word' id='word_1_298' title='bbox 722 3448 765 3458; x_wconf 90' lang='lat'><em>-</em></span> <span class='ocrx_word' id='word_1_299' title='bbox 788 3412 852 3483; x_wconf 88' lang='lat'><em>111,</em></span> <span class='ocrx_word' id='word_1_300' title='bbox 867 3411 915 3491; x_wconf 78' lang='lat'><em>82,</em></span> <span class='ocrx_word' id='word_1_301' title='bbox 926 3412 960 3471; x_wconf 79' lang='grc'><em>15</em></span> <span class='ocrx_word' id='word_1_302' title='bbox 984 3411 1018 3475; x_wconf 93' lang='lat' dir='ltr'><em>in</em></span> <span class='ocrx_word' id='word_1_303' title='bbox 1041 3412 1104 3475; x_wconf 92' lang='lat' dir='ltr'><em>fine</em></span> <span class='ocrx_word' id='word_1_304' title='bbox 1127 3434 1238 3475; x_wconf 84' lang='lat' dir='ltr'><em>versus</em></span> <span class='ocrx_word' id='word_1_305' title='bbox 1263 3434 1389 3488; x_wconf 88' lang='lat' dir='ltr'><em>comma</em></span> <span class='ocrx_word' id='word_1_306' title='bbox 1412 3410 1513 3475; x_wconf 89' lang='lat' dir='ltr'><em>deleri</em></span> <span class='ocrx_word' id='word_1_307' title='bbox 1535 3408 1647 3492; x_wconf 82' lang='lat' dir='ltr'><em>velim3</em></span> <span class='ocrx_word' id='word_1_308' title='bbox 1670 3430 1746 3471; x_wconf 89' lang='lat' dir='ltr'><em>nam</em></span> <span class='ocrx_word' id='word_1_309' title='bbox 1768 3409 1823 3472; x_wconf 82' lang='lat' dir='ltr'><em>scis</em></span> 
     </span>
     <span class='ocr_line' id='line_1_29' title="bbox 181 3511 1823 3601; baseline 0 -22"><span class='ocrx_word' id='word_1_310' title='bbox 181 3514 345 3601; x_wconf 86' lang='lat' dir='ltr'><em>significat</em></span> <span class='ocrx_word' id='word_1_311' title='bbox 364 3517 421 3580; x_wconf 91' lang='lat' dir='ltr'><em>als</em></span> <span class='ocrx_word' id='word_1_312' title='bbox 440 3516 668 3583; x_wconf 87' lang='lat' dir='ltr'><em>Untersucher.</em></span> <span class='ocrx_word' id='word_1_313' title='bbox 684 3511 728 3564; x_wconf 69' lang='grc'><em>’-</em></span> <span class='ocrx_word' id='word_1_314' title='bbox 745 3519 783 3593; x_wconf 89' lang='lat' dir='ltr'><em>V,</em></span> <span class='ocrx_word' id='word_1_315' title='bbox 799 3521 846 3592; x_wconf 79' lang='grc'>65,</span> <span class='ocrx_word' id='word_1_316' title='bbox 863 3521 882 3580; x_wconf 90' lang='grc'>9</span> <span class='ocrx_word' id='word_1_317' title='bbox 901 3523 935 3583; x_wconf 87' lang='grc'><em>11</em></span> <span class='ocrx_word' id='word_1_318' title='bbox 952 3521 989 3580; x_wconf 91' lang='grc'><em>10</em></span> <span class='ocrx_word' id='word_1_319' title='bbox 1012 3518 1124 3582; x_wconf 89' lang='lat' dir='ltr'><em>malim</em></span> <span class='ocrx_word' id='word_1_320' title='bbox 1149 3518 1395 3582; x_wconf 81' lang='lat' dir='ltr'><em>exclamationis</em></span> <span class='ocrx_word' id='word_1_321' title='bbox 1414 3518 1520 3601; x_wconf 85' lang='lat' dir='ltr'><em>signa,</em></span> <span class='ocrx_word' id='word_1_322' title='bbox 1545 3538 1641 3601; x_wconf 92' lang='lat' dir='ltr'><em>quam</em></span> <span class='ocrx_word' id='word_1_323' title='bbox 1660 3515 1823 3601; x_wconf 85' lang='lat' dir='ltr'><em>interroga</em></span> 
     </span>
     <span class='ocr_line' id='line_1_30' title="bbox 182 3621 1822 3709; baseline 0.004 -29"><span class='ocrx_word' id='word_1_324' title='bbox 182 3658 225 3670; x_wconf 91' lang='grc'><strong>-</strong></span> <span class='ocrx_word' id='word_1_325' title='bbox 251 3622 288 3694; x_wconf 82' lang='lat' dir='ltr'><em>V,</em></span> <span class='ocrx_word' id='word_1_326' title='bbox 304 3622 387 3696; x_wconf 85' lang='grc'>80,9</span> <span class='ocrx_word' id='word_1_327' title='bbox 418 3627 493 3688; x_wconf 91' lang='lat' dir='ltr'><em>ante</em></span> <span class='ocrx_word' id='word_1_328' title='bbox 518 3624 635 3690; x_wconf 83' lang='lat' dir='ltr'><em>libellus</em></span> <span class='ocrx_word' id='word_1_329' title='bbox 665 3648 792 3690; x_wconf 89' lang='lat' dir='ltr'><em>comma</em></span> <span class='ocrx_word' id='word_1_330' title='bbox 816 3626 996 3690; x_wconf 90' lang='lat' dir='ltr'><em>addendum</em></span> <span class='ocrx_word' id='word_1_331' title='bbox 1020 3628 1078 3690; x_wconf 89' lang='lat' dir='ltr'><em>est.</em></span> <span class='ocrx_word' id='word_1_332' title='bbox 1102 3663 1145 3671; x_wconf 94' lang='lat'><em>-</em></span> <span class='ocrx_word' id='word_1_333' title='bbox 1173 3626 1250 3701; x_wconf 87' lang='lat' dir='ltr'><em>VII,</em></span> <span class='ocrx_word' id='word_1_334' title='bbox 1266 3625 1314 3686; x_wconf 80' lang='lat'><em>12:</em></span> <span class='ocrx_word' id='word_1_335' title='bbox 1338 3627 1406 3689; x_wconf 83' lang='lat' dir='ltr'><em>v.3</em></span> <span class='ocrx_word' id='word_1_336' title='bbox 1431 3645 1556 3709; x_wconf 83' lang='lat' dir='ltr'><em>comma</em></span> <span class='ocrx_word' id='word_1_337' title='bbox 1579 3621 1762 3686; x_wconf 89' lang='lat' dir='ltr'><em>addendum</em></span> <span class='ocrx_word' id='word_1_338' title='bbox 1786 3643 1822 3686; x_wconf 87' lang='lat' dir='ltr'><em>es</em></span> 
     </span>
     <span class='ocr_line' id='line_1_31' title="bbox 182 3728 1822 3817; baseline 0.001 -23"><span class='ocrx_word' id='word_1_339' title='bbox 182 3731 272 3816; x_wconf 84' lang='lat' dir='ltr'><em>iuste,</em></span> <span class='ocrx_word' id='word_1_340' title='bbox 305 3730 341 3795; x_wconf 92' lang='lat' dir='ltr'><em>in</em></span> <span class='ocrx_word' id='word_1_341' title='bbox 370 3731 433 3796; x_wconf 91' lang='lat' dir='ltr'><em>fine</em></span> <span class='ocrx_word' id='word_1_342' title='bbox 463 3753 575 3795; x_wconf 83' lang='lat' dir='ltr'><em>versus</em></span> <span class='ocrx_word' id='word_1_343' title='bbox 607 3733 626 3796; x_wconf 89' lang='lat'>6</span> <span class='ocrx_word' id='word_1_344' title='bbox 657 3754 783 3797; x_wconf 90' lang='lat' dir='ltr'><em>comma</em></span> <span class='ocrx_word' id='word_1_345' title='bbox 812 3753 872 3816; x_wconf 89' lang='lat' dir='ltr'><em>pro</em></span> <span class='ocrx_word' id='word_1_346' title='bbox 902 3732 1169 3817; x_wconf 82' lang='lat' dir='ltr'><em>interrogationis</em></span> <span class='ocrx_word' id='word_1_347' title='bbox 1200 3733 1294 3817; x_wconf 85' lang='lat' dir='ltr'><em>signo</em></span> <span class='ocrx_word' id='word_1_348' title='bbox 1325 3731 1518 3816; x_wconf 88' lang='lat' dir='ltr'><em>ponendum.</em></span> <span class='ocrx_word' id='word_1_349' title='bbox 1549 3766 1585 3775; x_wconf 87' lang='lat'>-</span> <span class='ocrx_word' id='word_1_350' title='bbox 1618 3729 1677 3800; x_wconf 75' lang='lat' dir='ltr'><em>IX,</em></span> <span class='ocrx_word' id='word_1_351' title='bbox 1698 3728 1781 3798; x_wconf 80' lang='lat'><em>43,2</em></span> <span class='ocrx_word' id='word_1_352' title='bbox 1810 3751 1822 3795; x_wconf 83' lang='lat' dir='ltr'><em>s</em></span> 
     </span>
     <span class='ocr_line' id='line_1_32' title="bbox 183 3835 1822 3923; baseline -0.001 -21"><span class='ocrx_word' id='word_1_353' title='bbox 183 3838 365 3903; x_wconf 89' lang='lat' dir='ltr'><em>addendum</em></span> <span class='ocrx_word' id='word_1_354' title='bbox 389 3841 439 3903; x_wconf 87' lang='lat' dir='ltr'><em>est</em></span> <span class='ocrx_word' id='word_1_355' title='bbox 462 3843 538 3922; x_wconf 91' lang='lat' dir='ltr'><em>post</em></span> <span class='ocrx_word' id='word_1_356' title='bbox 560 3840 691 3920; x_wconf 82' lang='lat' dir='ltr'><em>onitiqot.</em></span> <span class='ocrx_word' id='word_1_357' title='bbox 713 3874 756 3883; x_wconf 90' lang='lat'><em>-</em></span> <span class='ocrx_word' id='word_1_358' title='bbox 783 3839 938 3920; x_wconf 59' lang='grc'>111914</span> <span class='ocrx_word' id='word_1_359' title='bbox 960 3840 1059 3904; x_wconf 88' lang='lat' dir='ltr'><em>verba</em></span> <span class='ocrx_word' id='word_1_360' title='bbox 1083 3840 1198 3905; x_wconf 83' lang='lat' dir='ltr'><em>Caesar</em></span> <span class='ocrx_word' id='word_1_361' title='bbox 1219 3843 1288 3923; x_wconf 87' lang='lat' dir='ltr'><em>erit,</em></span> <span class='ocrx_word' id='word_1_362' title='bbox 1314 3861 1386 3903; x_wconf 89' lang='lat' dir='ltr'><em>oum</em></span> <span class='ocrx_word' id='word_1_363' title='bbox 1404 3838 1496 3922; x_wconf 89' lang='lat' dir='ltr'><em>pueri</em></span> <span class='ocrx_word' id='word_1_364' title='bbox 1515 3835 1740 3921; x_wconf 89' lang='lat' dir='ltr'><em>respondentis</em></span> <span class='ocrx_word' id='word_1_365' title='bbox 1759 3857 1822 3902; x_wconf 76' lang='lat' dir='ltr'><em>ess&lt;</em></span> 
     </span>
     <span class='ocr_line' id='line_1_33' title="bbox 182 3944 1820 4030; baseline -0.001 -22"><span class='ocrx_word' id='word_1_366' title='bbox 182 3945 367 4030; x_wconf 88' lang='lat' dir='ltr'><em>videantur,</em></span> <span class='ocrx_word' id='word_1_367' title='bbox 398 3945 522 4030; x_wconf 82' lang='lat' dir='ltr'><em>dialogi</em></span> <span class='ocrx_word' id='word_1_368' title='bbox 550 3945 638 4010; x_wconf 88' lang='lat' dir='ltr'><em>notis</em></span> <span class='ocrx_word' id='word_1_369' title='bbox 669 3945 790 4010; x_wconf 90' lang='lat' dir='ltr'><em>includi</em></span> <span class='ocrx_word' id='word_1_370' title='bbox 820 3947 928 4012; x_wconf 86' lang='lat' dir='ltr'><em>velim.</em></span> <span class='ocrx_word' id='word_1_371' title='bbox 952 3983 993 3992; x_wconf 83' lang='lat'><em>-</em></span> <span class='ocrx_word' id='word_1_372' title='bbox 1017 3949 1061 4021; x_wconf 84' lang='lat' dir='ltr'><em>X,</em></span> <span class='ocrx_word' id='word_1_373' title='bbox 1078 3947 1154 4021; x_wconf 83' lang='lat'><em>3,6:</em></span> <span class='ocrx_word' id='word_1_374' title='bbox 1183 3947 1263 4011; x_wconf 88' lang='lat' dir='ltr'><em>Post</em></span> <span class='ocrx_word' id='word_1_375' title='bbox 1286 3947 1383 4011; x_wconf 82' lang='lat' dir='ltr'><em>credis</em></span> <span class='ocrx_word' id='word_1_376' title='bbox 1406 3946 1473 4029; x_wconf 85' lang='lat' dir='ltr'><em>too,</em></span> <span class='ocrx_word' id='word_1_377' title='bbox 1501 3944 1605 4009; x_wconf 84' lang='lat' dir='ltr'><em>Prisce</em></span> <span class='ocrx_word' id='word_1_378' title='bbox 1627 3966 1693 4008; x_wconf 92' lang='lat' dir='ltr'><em>non</em></span> <span class='ocrx_word' id='word_1_379' title='bbox 1717 3965 1820 4008; x_wconf 84' lang='lat' dir='ltr'><em>comm</em></span> 
     </span>
     <span class='ocr_line' id='line_1_34' title="bbox 182 4051 1822 4139; baseline -0.002 -23"><span class='ocrx_word' id='word_1_380' title='bbox 182 4051 447 4137; x_wconf 86' lang='lat' dir='ltr'><em>interrogationis</em></span> <span class='ocrx_word' id='word_1_381' title='bbox 471 4053 602 4138; x_wconf 86' lang='lat' dir='ltr'><em>signum</em></span> <span class='ocrx_word' id='word_1_382' title='bbox 620 4053 805 4137; x_wconf 89' lang='lat' dir='ltr'><em>ponendum</em></span> <span class='ocrx_word' id='word_1_383' title='bbox 825 4057 888 4138; x_wconf 85' lang='lat' dir='ltr'><em>est3</em></span> <span class='ocrx_word' id='word_1_384' title='bbox 910 4076 987 4118; x_wconf 90' lang='lat' dir='ltr'><em>nam</em></span> <span class='ocrx_word' id='word_1_385' title='bbox 1006 4077 1088 4139; x_wconf 87' lang='lat' dir='ltr'><em>quae</em></span> <span class='ocrx_word' id='word_1_386' title='bbox 1107 4059 1287 4139; x_wconf 87' lang='lat' dir='ltr'><em>sequuntur</em></span> <span class='ocrx_word' id='word_1_387' title='bbox 1308 4075 1375 4118; x_wconf 88' lang='lat' dir='ltr'><em>uoce</em></span> <span class='ocrx_word' id='word_1_388' title='bbox 1392 4058 1428 4128; x_wconf 92' lang='lat' dir='ltr'><em>nt</em></span> <span class='ocrx_word' id='word_1_389' title='bbox 1446 4053 1589 4134; x_wconf 84' lang='lat' dir='ltr'><em>loquutur</em></span> <span class='ocrx_word' id='word_1_390' title='bbox 1604 4053 1756 4133; x_wconf 83' lang='lat' dir='ltr'><em>psittacus</em></span> <span class='ocrx_word' id='word_1_391' title='bbox 1773 4056 1822 4116; x_wconf 90' lang='lat' dir='ltr'><em>cot</em></span> 
     </span>
     <span class='ocr_line' id='line_1_35' title="bbox 182 4145 1822 4247; baseline -0.001 -24"><span class='ocrx_word' id='word_1_392' title='bbox 182 4181 248 4223; x_wconf 90' lang='lat' dir='ltr'><em>non</em></span> <span class='ocrx_word' id='word_1_393' title='bbox 271 4181 310 4223; x_wconf 89' lang='lat' dir='ltr'><em>ex</em></span> <span class='ocrx_word' id='word_1_394' title='bbox 332 4160 429 4224; x_wconf 88' lang='lat' dir='ltr'><em>credis</em></span> <span class='ocrx_word' id='word_1_395' title='bbox 451 4160 549 4225; x_wconf 86' lang='lat' dir='ltr'><em>verbo</em></span> <span class='ocrx_word' id='word_1_396' title='bbox 568 4145 723 4245; x_wconf 82' lang='lat' dir='ltr'><em>pendent,</em></span> <span class='ocrx_word' id='word_1_397' title='bbox 746 4159 803 4225; x_wconf 90' lang='lat' dir='ltr'><em>sed</em></span> <span class='ocrx_word' id='word_1_398' title='bbox 822 4160 1008 4246; x_wconf 89' lang='lat' dir='ltr'><em>significant</em></span> <span class='ocrx_word' id='word_1_399' title='bbox 1031 4160 1112 4245; x_wconf 88' lang='lat' dir='ltr'><em>„wie</em></span> <span class='ocrx_word' id='word_1_400' title='bbox 1136 4161 1233 4226; x_wconf 90' lang='lat' dir='ltr'><em>sollte</em></span> <span class='ocrx_word' id='word_1_401' title='bbox 1341 4157 1546 4247; x_wconf 50' lang='grc'>1111111111(-</span> <span class='ocrx_word' id='word_1_402' title='bbox 1566 4159 1610 4236; x_wconf 84' lang='lat' dir='ltr'><em>X,</em></span> <span class='ocrx_word' id='word_1_403' title='bbox 1627 4157 1688 4233; x_wconf 84' lang='grc'>6,8</span> <span class='ocrx_word' id='word_1_404' title='bbox 1706 4179 1766 4242; x_wconf 92' lang='lat' dir='ltr'><em>pro</em></span> <span class='ocrx_word' id='word_1_405' title='bbox 1788 4179 1822 4243; x_wconf 81' lang='lat' dir='ltr'><em>„i</em></span> 
     </span>
     <span class='ocr_line' id='line_1_36' title="bbox 184 4262 1822 4353; baseline 0 -24"><span class='ocrx_word' id='word_1_406' title='bbox 184 4266 255 4351; x_wconf 88' lang='lat' dir='ltr'><em>lege</em></span> <span class='ocrx_word' id='word_1_407' title='bbox 276 4265 424 4350; x_wconf 81' lang='lat' dir='ltr'><em>„oenit“?</em></span> <span class='ocrx_word' id='word_1_408' title='bbox 448 4303 489 4314; x_wconf 87' lang='lat'><em>-—</em></span> <span class='ocrx_word' id='word_1_409' title='bbox 513 4268 588 4338; x_wconf 85' lang='lat' dir='ltr'><em>XII,</em></span> <span class='ocrx_word' id='word_1_410' title='bbox 603 4267 643 4327; x_wconf 85' lang='grc'><em>39</em></span> <span class='ocrx_word' id='word_1_411' title='bbox 668 4271 829 4332; x_wconf 89' lang='lat' dir='ltr'><em>commata</em></span> <span class='ocrx_word' id='word_1_412' title='bbox 851 4272 927 4352; x_wconf 89' lang='lat' dir='ltr'><em>post</em></span> <span class='ocrx_word' id='word_1_413' title='bbox 950 4269 1065 4351; x_wconf 84' lang='lat' dir='ltr'><em>putido</em></span> <span class='ocrx_word' id='word_1_414' title='bbox 1088 4264 1131 4353; x_wconf 84' lang='lat' dir='ltr'><em>(v.</em></span> <span class='ocrx_word' id='word_1_415' title='bbox 1150 4264 1184 4353; x_wconf 92' lang='grc'><em>2)</em></span> <span class='ocrx_word' id='word_1_416' title='bbox 1209 4264 1340 4352; x_wconf 84' lang='lat' dir='ltr'><em>etpost</em></span> <span class='ocrx_word' id='word_1_417' title='bbox 1362 4265 1480 4331; x_wconf 81' lang='lat' dir='ltr'><em>Sabelle</em></span> <span class='ocrx_word' id='word_1_418' title='bbox 1503 4262 1546 4352; x_wconf 84' lang='lat' dir='ltr'><em>(v.</em></span> <span class='ocrx_word' id='word_1_419' title='bbox 1565 4263 1600 4352; x_wconf 83' lang='lat'><em>4)</em></span> <span class='ocrx_word' id='word_1_420' title='bbox 1625 4265 1761 4330; x_wconf 92' lang='lat' dir='ltr'><em>delenda</em></span> <span class='ocrx_word' id='word_1_421' title='bbox 1784 4287 1822 4329; x_wconf 89' lang='lat' dir='ltr'><em>su</em></span> 
     </span>
     <span class='ocr_line' id='line_1_37' title="bbox 183 4373 980 4462; baseline -0.005 -20"><span class='ocrx_word' id='word_1_422' title='bbox 183 4373 258 4442; x_wconf 70' lang='grc' dir='ltr'><em>ΧΠ,</em></span> <span class='ocrx_word' id='word_1_423' title='bbox 273 4373 365 4445; x_wconf 70' lang='grc'>62115</span> <span class='ocrx_word' id='word_1_424' title='bbox 388 4375 591 4459; x_wconf 87' lang='lat' dir='ltr'><em>parenthesis</em></span> <span class='ocrx_word' id='word_1_425' title='bbox 615 4375 718 4462; x_wconf 89' lang='lat' dir='ltr'><em>signis</em></span> <span class='ocrx_word' id='word_1_426' title='bbox 740 4374 898 4440; x_wconf 87' lang='lat' dir='ltr'><em>utendum</em></span> <span class='ocrx_word' id='word_1_427' title='bbox 921 4377 980 4440; x_wconf 88' lang='lat' dir='ltr'><em>est.</em></span> 
     </span>
    </p>
   </div>
   <div class='ocr_carea' id='block_1_9' title="bbox 946 4633 1182 4714">
    <p class='ocr_par' dir='ltr' id='par_1_11' title="bbox 946 4633 1182 4714">
     <span class='ocr_line' id='line_1_38' title="bbox 946 4633 1182 4714; baseline -0.017 -11"><span class='ocrx_word' id='word_1_428' title='bbox 946 4633 1080 4714; x_wconf 80' lang='lat' dir='ltr'><em>caput</em></span> <span class='ocrx_word' id='word_1_429' title='bbox 1105 4633 1182 4699; x_wconf 88' lang='lat' dir='ltr'><em>HI.</em></span> 
     </span>
    </p>
   </div>
   <div class='ocr_carea' id='block_1_10' title="bbox 185 4771 1821 5094">
    <p class='ocr_par' dir='ltr' id='par_1_12' title="bbox 185 4771 1821 5094">
     <span class='ocr_line' id='line_1_39' title="bbox 209 4771 1821 4871; baseline -0.001 -22"><span class='ocrx_word' id='word_1_430' title='bbox 209 4803 213 4808; x_wconf 84' lang='lat'><em>·</em></span> <span class='ocrx_word' id='word_1_431' title='bbox 344 4784 598 4871; x_wconf 87' lang='lat' dir='ltr'><em>Nonnunquam,</em></span> <span class='ocrx_word' id='word_1_432' title='bbox 628 4786 690 4850; x_wconf 88' lang='lat' dir='ltr'><em>etsi</em></span> <span class='ocrx_word' id='word_1_433' title='bbox 720 4807 806 4870; x_wconf 85' lang='lat' dir='ltr'><em>rare,</em></span> <span class='ocrx_word' id='word_1_434' title='bbox 835 4784 1153 4850; x_wconf 85' lang='lat' dir='ltr'><em>Schneidewinus</em></span> <span class='ocrx_word' id='word_1_435' title='bbox 1183 4771 1284 4849; x_wconf 88' lang='lat' dir='ltr'><em>male</em></span> <span class='ocrx_word' id='word_1_436' title='bbox 1315 4806 1334 4847; x_wconf 98' lang='lat' dir='ltr'><em>a</em></span> <span class='ocrx_word' id='word_1_437' title='bbox 1363 4782 1477 4848; x_wconf 89' lang='lat' dir='ltr'><em>libris</em></span> <span class='ocrx_word' id='word_1_438' title='bbox 1506 4782 1700 4847; x_wconf 88' lang='lat' dir='ltr'><em>discessit.</em></span> <span class='ocrx_word' id='word_1_439' title='bbox 1749 4780 1821 4847; x_wconf 88' lang='lat' dir='ltr'><em>Iam</em></span> 
     </span>
     <span class='ocr_line' id='line_1_40' title="bbox 186 4884 1821 4978; baseline -0.003 -22"><span class='ocrx_word' id='word_1_440' title='bbox 186 4891 381 4957; x_wconf 86' lang='lat' dir='ltr'><em>memoravit</em></span> <span class='ocrx_word' id='word_1_441' title='bbox 407 4889 636 4958; x_wconf 86' lang='lat' dir='ltr'><em>Friedlaender</em></span> <span class='ocrx_word' id='word_1_442' title='bbox 667 4889 780 4978; x_wconf 84' lang='lat' dir='ltr'><em>(Acad.</em></span> <span class='ocrx_word' id='word_1_443' title='bbox 804 4893 880 4958; x_wconf 86' lang='lat' dir='ltr'><em>Alb.</em></span> <span class='ocrx_word' id='word_1_444' title='bbox 901 4892 1028 4978; x_wconf 86' lang='lat' dir='ltr'><em>Regim.</em></span> <span class='ocrx_word' id='word_1_445' title='bbox 1054 4889 1212 4978; x_wconf 78' lang='lat'>187811)</span> <span class='ocrx_word' id='word_1_446' title='bbox 1248 4912 1319 4955; x_wconf 91' lang='lat' dir='ltr'><em>cum</em></span> <span class='ocrx_word' id='word_1_447' title='bbox 1351 4890 1428 4975; x_wconf 87' lang='lat' dir='ltr'><em>alia,</em></span> <span class='ocrx_word' id='word_1_448' title='bbox 1458 4895 1528 4954; x_wconf 89' lang='lat' dir='ltr'><em>tum</em></span> <span class='ocrx_word' id='word_1_449' title='bbox 1559 4884 1665 4953; x_wconf 89' lang='lat' dir='ltr'><em>locum</em></span> <span class='ocrx_word' id='word_1_450' title='bbox 1696 4887 1821 4972; x_wconf 89' lang='lat' dir='ltr'><em>imprim</em></span> 
     </span>
     <span class='ocr_line' id='line_1_41' title="bbox 185 4993 1821 5094; baseline 0 -32"><span class='ocrx_word' id='word_1_451' title='bbox 185 4998 311 5082; x_wconf 87' lang='lat' dir='ltr'><em>signem</em></span> <span class='ocrx_word' id='word_1_452' title='bbox 334 4998 391 5083; x_wconf 88' lang='lat' dir='ltr'><em>IV,</em></span> <span class='ocrx_word' id='word_1_453' title='bbox 411 4999 467 5083; x_wconf 90' lang='grc'><em>61,</em></span> <span class='ocrx_word' id='word_1_454' title='bbox 487 5000 519 5083; x_wconf 90' lang='grc'>6,</span> <span class='ocrx_word' id='word_1_455' title='bbox 550 4999 605 5062; x_wconf 90' lang='lat' dir='ltr'><em>ubi</em></span> <span class='ocrx_word' id='word_1_456' title='bbox 629 4998 891 5066; x_wconf 84' lang='lat' dir='ltr'><em>Schneidewinus</em></span> <span class='ocrx_word' id='word_1_457' title='bbox 916 5023 973 5086; x_wconf 88' lang='lat' dir='ltr'><em>pro</em></span> <span class='ocrx_word' id='word_1_458' title='bbox 998 5000 1143 5084; x_wconf 82' lang='lat' dir='ltr'><em>lineisque</em></span> <span class='ocrx_word' id='word_1_459' title='bbox 1165 5005 1208 5065; x_wconf 85' lang='lat' dir='ltr'><em>ter</em></span> <span class='ocrx_word' id='word_1_460' title='bbox 1231 5001 1362 5064; x_wconf 82' lang='lat' dir='ltr'><em>cincturn</em></span> <span class='ocrx_word' id='word_1_461' title='bbox 1384 4996 1553 5084; x_wconf 86' lang='lat' dir='ltr'><em>Rutgersii</em></span> <span class='ocrx_word' id='word_1_462' title='bbox 1577 4994 1696 5062; x_wconf 87' lang='lat' dir='ltr'><em>malam</em></span> <span class='ocrx_word' id='word_1_463' title='bbox 1720 4993 1821 5094; x_wconf 79' lang='lat' dir='ltr'><em>conia&lt;</em></span> 
     </span>
    </p>
   </div>
   <div class='ocr_carea' id='block_1_11' title="bbox 0 0 2011 5662">
    <p class='ocr_par' dir='ltr' id='par_1_13' title="bbox 0 0 2011 5662">
     <span class='ocr_line' id='line_1_42' title="bbox 0 0 2011 5662; baseline 0 0"><span class='ocrx_word' id='word_1_464' title='bbox 0 0 2011 5662; x_wconf 95' lang='lat' dir='ltr'><em> </em></span> 
     </span>
    </p>
   </div>
  </div>
 </body>
</html>
