4012 5662
1035 207 1084 284 25

179 419 323 513 sonent:
352 413 430 478 mibi
450 435 554 497 parua
582 415 678 478 locato
700 413 827 496 Suspicit
852 415 888 477 ia
909 410 1026 478 ualuas
1047 433 1136 494 saepe
1157 414 1257 477 redire
1279 373 1421 497 uana),
1442 412 1500 478 ubi
1522 413 1627 476 multo
1652 411 1759 476 minus
1782 411 1830 475 vel

181 521 367 586 offensionis
391 521 505 603 habet,
528 542 600 584 cum
624 519 666 604 R,
689 519 797 584 codiee
821 519 989 602 aliquanto
1009 519 1162 604 meliore,
1185 523 1219 583 et
1242 541 1314 584 cum
1339 518 1367 584 G
1391 518 1530 583 seribere
1553 518 1670 583 noluit.

280 733 290 756 ἱ
315 725 320 735 x
341 665 372 727 4.
394 663 455 734 VI,
470 664 524 724 46:
561 663 694 745 Vapulat
714 663 836 728 assidue
859 663 955 725 oeaeti
977 663 1129 743 quadran
1151 662 1285 744 depelle,
1309 660 1374 725 Nee
1396 662 1508 725 currit:
1536 680 1778 744 noannoeane,
1803 661 1830 725 (l

179 770 287 850 facis.
335 769 389 835 Sic
412 771 497 834 male
528 792 585 854 pra
614 769 710 848 facit
739 769 765 832 Τ
796 772 830 832 et
860 756 1132 848 Schneidewinus.
1179 767 1279 852 Nam,
1303 769 1475 852 quominus
1500 767 1647 850 aurigam
1673 788 1743 831 esse
1767 766 1830 831 aar

180 881 347 962 putemus,
370 875 563 961 praecedens
586 877 704 940 naneti
722 875 872 960 impedit,
891 879 924 938 et
943 875 1075 939 omnino
1095 873 1133 939 de
1153 874 1277 957 aurigis
1296 875 1432 958 loquens
1451 873 1612 938 Martialis
1631 895 1698 938 non
1716 875 1791 937 ficto
1810 896 1830 936 n

181 983 297 1066 utitur,
319 983 377 1056 sed
402 992 486 1074 vero,
503 988 560 1046 aut
583 983 727 1047 colorum
752 979 898 1067 (cercetas,
911 983 1063 1063 prasinus
1087 981 1161 1065 etc.)
1186 986 1242 1045 aut
1265 980 1411 1066 ipsorum
1436 979 1630 1064 aurigarum.

135 1215 136 1218 Ἴ
342 1121 551 1196 5.11‚se‚3:
587 1125 656 1188 Hoc
677 1125 801 1204 fuluas
824 1125 953 1208 Lotape,
976 1124 1094 1206 speculo
1117 1124 1210 1204 quod
1231 1125 1361 1207 uiduat,
1385 1123 1452 1188 ulta
1469 1129 1520 1187 est.
1566 1123 1661 1202 qnod
1678 1121 1718 1205 T,
1744 1121 1830 1187 Sehn

95 1283 96 1286 ,
182 1234 215 1296 in
246 1232 350 1296 altera
382 1231 459 1296 edit.
511 1229 705 1316 Elegantius
737 1237 787 1295 est
816 1251 892 1311 quo.
944 1228 1029 1294 Nam
1061 1229 1191 1314 speculo
1223 1251 1322 1293 aeneo
1352 1229 1476 1294 facinus
1508 1251 1573 1293 non
1604 1227 1698 1292 modo
1722 1229 1829 1293 videre

182 1340 282 1403 etiam
306 1339 377 1402 ulta
396 1343 446 1402 est
470 1337 622 1401 ancillam
646 1359 684 1401 eo
708 1342 927 1421 prosternens.
983 1431 987 1438 .

343 1482 372 1544 6.
396 1480 433 1554 V,
450 1481 542 1552 st‚4:
572 1481 618 1544 Et
628 1479 798 1562 puosapau
816 1481 949 1544 uolumus
967 1480 1121 1561 diripuere
1138 1499 1251 1543 suaa.
1283 1498 1387 1541 suaa
1402 1476 1476 1560 TN,
1491 1476 1762 1543 Schneidewinus.
1796 1501 1828 1562 pr

181 1608 268 1650 susac
286 1588 499 1669 (bircaacliuaa
512 1576 680 1669 prafupm
699 1589 796 1668 ipsias
814 1587 912 1650 seciae
930 1587 1114 1668 diripuere);
1134 1608 1209 1649 nam
1229 1586 1375 1669 ostracias,
1395 1585 1458 1648 nisi
1472 1605 1546 1650 saca
1561 1584 1704 1667 additur,
1723 1585 1828 1650 ieiuno

344 1731 371 1792 7.
396 1730 433 1798 V,
456 1729 553 1804 50,8:
592 1733 695 1808 focas
728 1729 760 1794 in
793 1731 857 1794 fine
889 1751 1001 1793 versus
1035 1751 1093 1812 pro
1126 1749 1231 1791 coenes
1263 1726 1303 1810 T,
1337 1725 1532 1792 Schneidew.
1593 1727 1740 1812 Apparet
1773 1727 1828 1791 libr

183 1835 301 1900 codicis
326 1835 352 1898 Τ
377 1836 418 1899 ad
442 1835 565 1899 exitum
588 1857 701 1899 versus
725 1837 747 1898 4
770 1836 947 1900 aberrasse.

344 1979 373 2042 8.
396 1977 492 2053 xm,
509 1978 562 2036 45:
591 1978 629 2041 Si
651 1978 783 2060 Libpcae
811 1979 899 2042 nabis
928 1979 1061 2043 tolerares
1090 1984 1118 2041 et
1148 1977 1299 2044 Phasides
1329 1982 1435 2060 essent,
1466 1966 1639 2059 deciperes,
1668 1982 1707 2040 ta
1733 1998 1816 2042 aaue

182 2084 294 2149 eaor-as
308 2105 385 2149 aues.
410 2089 461 2165 tn,
475 2084 563 2167 quod
576 2107 642 2147 non
657 2090 770 2168 aptum
784 2086 920 2169 videtur,
935 2084 961 2147 T
977 2089 1010 2148 ct
1025 2083 1222 2150 Schneidew.
1246 2083 1334 2147 Bene
1349 2084 1448 2147 ceteri
1463 2083 1538 2147 libri
1552 2087 1586 2148 et
1596 2083 1788 2149 Scriverius:
1802 2107 1823 2147 a

341 2227 374 2290 9.
397 2226 480 2301 XIV,
496 2226 564 2286 133:
596 2227 754 2290 Lacernae
784 2227 946 2290 Baeticae:
985 2223 1056 2290 Nou
1090 2232 1134 2291 est
1159 2227 1233 2290 lana
1263 2226 1340 2290 aila
1369 2228 1516 2309 madan,
1543 2246 1596 2289 aee
1618 2229 1721 2288 mator
1743 2224 1827 2308 aaa<

134 2371 145 2385 -ι
178 2335 323 2416 placeant
348 2334 475 2416 Tpniae:
499 2354 545 2395 rae
564 2354 632 2396 orrea
655 2335 750 2396 tinuit
772 2336 842 2396 eois.
888 2336 945 2397 sic
961 2335 1104 2414 placeant
1129 2335 1254 2416 Tyriae,
1274 2334 1359 2417 quod
1379 2355 1451 2396 cum
1470 2332 1496 2395 T
1516 2331 1778 2397 Schneidewinus
1803 2354 1827 2396 s<

183 2440 265 2504 nihil
291 2439 380 2504 aliud
404 2443 514 2523 potest
538 2440 721 2522 significare
745 2439 809 2503 nisi
826 2441 972 2521 placeant
993 2461 1067 2503 sane
1093 2441 1205 2523 Tprlae
1227 2461 1415 2521 pneaaepeaa
1438 2440 1534 2504 ubera
1553 2445 1690 2504 natutae
1711 2443 1792 2503 sant.

184 2552 331 2632 praestat
353 2547 388 2611 si
404 2545 551 2628 placeant
576 2546 703 2629 Tyriae,
734 2547 897 2609 sententia
921 2551 1027 2610 autem
1052 2547 1131 2610 haee
1155 2551 1218 2610 est:
1249 2547 1286 2610 Si
1308 2548 1420 2629 Tpniae
1442 2544 1578 2629 (propter
1594 2547 1782 2627 prelaturam
1801 2566 1827 2610 a

184 2656 284 2736 napis
301 2655 459 2736 placeant,
483 2673 534 2734 epo
557 2673 593 2715 ea
617 2657 718 2716 tanen
741 2674 773 2714 re
795 2654 998 2736 cornacula,
1023 2656 1104 2734 qnod
1125 2654 1205 2717 color
1228 2675 1311 2717 necas
1334 2655 1458 2718 nativas
1482 2658 1531 2716 est.

348 2796 398 2859 10.
422 2795 481 2864 VI,
498 2795 532 2854 8:
564 2795 768 2859 Praecarees
790 2796 862 2878 (luo,
886 2801 1029 2876 paraneten
1049 2796 1177 2879 taibani,
1202 2796 1320 2878 Septaa
1344 2797 1503 2879 causidici,
1527 2797 1624 2860 aaut
1641 2800 1750 2876 pectere
1774 2794 1827 2860 Cur

186 2904 273 2967 ruodo
303 2903 428 2983 nuptias
451 2901 593 2994 petebant
624 2903 654 2964 A
684 2903 816 2983 areanae
845 2921 920 2966 sene.
976 2903 1048 2965 Nau
1079 2908 1217 2967 aoraton
1247 2904 1298 2967 *lte
1328 2902 1512 2966 Praeconi
1541 2903 1623 2966 dedit
1651 2901 1772 2982 Eulepa
1796 2922 1827 2982 p

185 3008 260 3092 Die,
290 3009 443 3088 nnraqnid
468 3007 566 3091 satore,
597 3007 712 3089 Seuere,
743 3009 837 3087 tecit?
881 3031 910 3072 v.
940 3010 954 3071 1
988 3030 1190 3090 praecones
1220 3033 1277 3093 pro
1301 3015 1495 3091 praetores
1526 3031 1597 3072 cum
1626 3006 1653 3070 T
1682 3006 1827 3072 Schneidu

183 3113 237 3200 (ef.
262 3115 359 3179 etiam
391 3113 944 3200 Friedlaender,Sittengeschichte
972 3112 1014 3198 Il,
1036 3113 1124 3201 278).
1178 3116 1251 3180 Mea
1281 3117 1410 3202 quidem
1445 3115 1606 3180 sententia
1636 3119 1669 3178 et
1698 3114 1827 3200 epigran

183 3245 318 3288 acumen
350 3222 384 3284 in
414 3221 619 3304 aprosdocesi
650 3223 789 3306 quadam
813 3222 956 3306 positum
988 3222 1193 3307 infringitur,
1221 3225 1249 3287 si
1278 3223 1343 3286 ianr
1373 3227 1437 3287 v.1
1467 3239 1633 3304 praecones
1656 3220 1826 3306 legitur,c

178 3349 356 3412 annones,
380 3348 444 3391 non
467 3310 625 3408 paura
653 3328 750 3393 lectio
779 3328 1030 3392 errori'librarii
1054 3329 1226 3393 tribuenda
1250 3335 1315 3414 est,
1340 3330 1425 3414 qnod
1449 3353 1487 3393 ex
1512 3351 1606 3393 versu
1631 3329 1651 3392 5
1674 3328 1826 3409 (praecona

184 3456 255 3499 esse
278 3432 420 3497 varietas
444 3432 582 3499 videtur.
1001 3420 1002 3423 Ἴ

346 3557 593 3632 11.1x‚sa‚s:
624 3561 822 3626 Canusinae
850 3561 1007 3624 acelina
1035 3581 1104 3624 ercan
1125 3560 1213 3639 laben
1231 3565 1318 3641 aptot
1335 3582 1463 3642 aaaron
1487 3558 1513 3623 T
1534 3564 1567 3624 et
1586 3525 1782 3625 Schneideu.

185 3669 235 3728 cst
267 3665 505 3729 Causidicum
535 3667 649 3730 acilia
679 3688 748 3731 cara
775 3666 863 3746 faber
892 3672 979 3749 aptat
1008 3689 1102 3747 epiro.
1158 3667 1242 3730 Nam
1275 3689 1295 3730 a
1326 3670 1508 3730 statuarum
1539 3667 1718 3731 artificibus
1747 3688 1814 3732 non

184 3770 300 3854 equiti,
325 3769 381 3834 sed
406 3792 503 3854 eques
528 3794 610 3855 equo
634 3777 775 3858 aptatur.
822 3771 974 3837 Ceterum
993 3774 1026 3837 in
1046 3774 1143 3837 miras
1164 3795 1215 3838 res
1235 3774 1364 3838 aberrat
1383 3773 1525 3837 Koestlin
1546 3771 1593 3857 (in
1616 3772 1730 3839 Philol.
1746 3774 1826 3859 36,1

348 3913 398 3976 12.
421 3914 600 3991 X1,84,5:.
634 3915 770 3980 Mitius
793 3916 959 3997 inplicitas
982 3916 1082 3981 Aleon
1104 3921 1184 3980 secat
1205 3916 1393 3980 aureatus.
1445 3916 1581 3979 Mil-ins
1609 3914 1667 3979 TC
1692 3919 1725 3979 et
1749 3912 1826 3980 Saln

185 4042 242 4104 pro
273 4023 409 4085 aitior.
456 4020 519 4086 Sed
550 4021 746 4086 adiectivum
777 4027 893 4106 poetae
924 4023 1125 4108 praeferunt,
1148 4022 1274 4087 librarii
1298 4027 1407 4086 autem
1431 4043 1675 4106 nonnumquam
1698 4021 1733 4084 in
1757 4021 1826 4086 adu

184 4132 394 4193 mutaverunt
422 4125 474 4213 (nt
492 4128 661 4213 111,38,3
685 4127 719 4192 in
742 4125 792 4213 P).

344 4269 462 4349 Tribus
495 4271 575 4340 loeis
607 4270 868 4336 Schneidewinus
899 4277 1032 4356 propter
1056 4271 1201 4337 Thuanei
1234 4272 1316 4336 vitia
1346 4269 1455 4355 potius
1484 4271 1699 4355 coniecturas,
1722 4292 1820 4356 quam

184 4382 365 4442 ceterorum
391 4378 536 4443 codicum
560 4378 717 4443 lectiones
742 4379 878 4462 recepit:

347 4503 396 4567 13.
419 4504 497 4580 XII,
520 4503 563 4569 31.
579 4503 614 4566 ὃς,
643 4503 682 4566 H
683 4525 721 4568 os
748 4503 898 4568 Marcello
928 4502 1029 4568 lares
1054 4525 1212 4586 paruaque
1236 4526 1331 4586 repua
1354 4504 1443 4568 dedit.
1489 4501 1542 4567 Sic
1565 4499 1764 4568 Schneidew.
1784 4503 1818 4569 in

184 4609 328 4675 editione
352 4633 389 4674 ex
414 4608 542 4673 Heinsii
566 4609 750 4674 coniectura
774 4632 831 4694 pro
855 4610 937 4673 Has
959 4610 1113 4675 Marcella
1134 4612 1257 4676 dearces
1281 4610 1413 4694 scripsit
1436 4608 1532 4694 idque
1556 4630 1592 4672 ea
1616 4606 1654 4672 de
1679 4631 1825 4696 causac

184 4717 250 4781 luas
268 4717 422 4781 Marcella
444 4718 555 4799 dapes
573 4715 718 4780 exhibet:
747 4717 840 4800 quasi
859 4715 957 4781 lectio
976 4718 1069 4799 dapes
1088 4716 1216 4779 facilins
1236 4739 1273 4780 ex
1295 4718 1388 4801 lares,
1408 4738 1505 4800 quam
1525 4738 1562 4780 ex
1582 4717 1684 4780 domos
1702 4716 1773 4780 fieri
1792 4739 1825 4801 p<

184 4821 299 4907 Neque
322 4827 432 4887 tamen
457 4822 551 4907 origo
572 4823 643 4887 vitii
662 4821 810 4887 Thuanei
829 4823 966 4887 obseura
986 4827 1049 4906 est3
1075 4844 1150 4885 nam
1171 4822 1251 4905 olas,
1270 4825 1424 4908 anpailla,
1449 4825 1545 4887 turris
1565 4843 1633 4888 aues
1652 4821 1686 4908 (i.
1705 4844 1731 4886 e.
1750 4823 1822 4888 colu

184 4951 268 5014 quae
293 4931 401 4995 omnia
425 4928 521 4995 modo
545 4927 610 5015 (vv.
631 4925 742 5015 3-6)
766 4927 1233 5012 commemoravitMartialis,
1264 4929 1401 4992 salivam
1426 4930 1552 4994 librarii
1575 4933 1755 5014 moverunt,
1777 4934 1816 4993 ut

184 5034 224 5100 de
247 5036 347 5100 lautis
372 5037 476 5122 epulis
501 5041 616 5122 poetae
639 5035 808 5122 apparatis
832 5057 929 5120 quam
954 5035 993 5100 de
1017 5034 1113 5100 domo
1138 5035 1168 5098 ei
1192 5034 1312 5100 donata
1335 5035 1504 5118 cogitaret.

1719 5127 1823 5221 4⁷
