4012 5662
810 229 1022 352 -L

38 463 188 544 utuntur,
211 461 386 543 postquam
408 453 488 539 ipsis
508 451 646 538 pecunia
664 455 714 515 est
733 451 818 515 data.
857 448 1035 514 Coniciam:
1059 448 1140 529 pais
1157 452 1244 511 sanet
1260 450 1377 528 raptae,
1396 445 1444 507 dic
1461 442 1551 526 milri,
1572 441 1674 525 Galle,
1697 439 1796 504 dies?

40 564 234 651 Saepissime
254 564 400 650 queritur
417 565 515 648 poeta
534 561 604 624 iotis
621 560 734 623 seruire
751 558 856 622 diebus
874 561 1004 620 coaetus
1025 554 1063 619 de
1083 555 1195 618 diebus
1214 548 1470 654 frustra'slapsis,
1495 550 1614 633 quibus
1634 548 1795 632 epigram-

40 677 129 737 mata
160 692 350 756 componere
379 667 536 754 potuerit:
571 665 610 730 cf.
629 665 691 750 XI,
706 666 757 729 24.
793 664 837 748 X,
854 664 895 726 70
919 659 961 748 (v.
981 663 1010 726 4.
1031 663 1084 725 ioli
1106 657 1193 746 rlies).
1229 660 1274 743 X,
1288 659 1344 743 58,
1361 660 1410 740 lx,
1425 657 1478 721 lta
1499 656 1553 720 hic
1581 655 1660 719 dicit
1688 653 1798 718 omnia

40 779 107 842 fere
131 800 226 863 posse
250 776 392 840 medicos
416 775 601 857 restituere,
625 772 693 836 dies
718 774 831 855 ruptos
856 766 1148 855 (totgeschlagene
1162 763 1265 851 Tage)
1290 764 1421 830 restitui
1443 785 1509 827 non
1532 784 1638 848 posse.

200 902 243 971 X,
265 903 319 962 it:
628 896 696 960 Ibis
720 896 854 978 litoreae,
878 894 999 977 Macer,
1023 891 1172 975 Salonas,
1241 915 1244 920 ’

626 1003 693 1066 Ibit
713 1022 790 1064 rara
811 1002 888 1083 fides
909 1020 1055 1081 araorqae
1077 1000 1151 1062 recti

626 1109 673 1172 Et
693 1128 794 1173 seearrr
817 1108 955 1170 comitere
979 1106 1077 1170 trahet
1093 1107 1254 1188 padorera.

627 1214 752 1296 Semper
768 1215 939 1296 pauperior
961 1214 1041 1276 redii
1056 1217 1202 1296 potestas.

43 1342 340 1411 AFriedlaendero
370 1341 510 1423 probata
533 1342 584 1402 est
608 1339 791 1402 coniectura
813 1336 977 1401 Koestlini
1002 1335 1051 1421 (in
1073 1336 1247 1419 Philologo
1274 1335 1356 1398 1877
1381 1358 1411 1419 p.
1431 1333 1522 1415 arel:
1554 1352 1698 1412 amorque
1719 1331 1800 1394 recti.

42 1452 84 1518 Si
97 1473 196 1517 secam
210 1471 233 1514 o.
247 1448 365 1512 trabit
371 1449 531 1530 padorera,
545 1466 661 1529 reaper
670 1450 720 1508 ele.
745 1443 946 1507 Sententiam
958 1448 991 1507 et
1001 1443 1294 1527 interpunctionem
1306 1441 1437 1525 egregie
1447 1438 1593 1504 restitnit
1602 1438 1803 1520 Koestlinus,

42 1582 106 1623 non
121 1559 201 1621 item
215 1556 322 1620 verba.
354 1552 386 1618 N
389 1576 442 1617 am
461 1575 534 1616 cum
552 1551 722 1615 Palatinus
741 1550 875 1614 habeat:
894 1571 972 1631 qaae
990 1571 1059 1614 eara
1073 1547 1130 1635 (an
1144 1555 1172 1613 ei
1184 1570 1262 1631 qaae
1275 1545 1382 1633 carni)
1401 1568 1425 1612 c.
1440 1547 1523 1611 trabi
1534 1568 1578 1630 p,
1597 1545 1802 1610 scribendum

44 1670 107 1730 est:
142 1665 240 1744 Quae
262 1681 360 1726 secam
384 1681 408 1724 c.
432 1659 529 1722 trabit
544 1680 596 1746 p„

204 1743 422 1838 v‘11‚74‚as:
459 1765 562 1829 Poeta
585 1786 699 1828 causas
724 1764 831 1848 affert,
854 1786 911 1827 cur
935 1762 1041 1848 Carpo
1065 1763 1232 1848 sophistae
1254 1762 1451 1826 Mercurium
1474 1762 1554 1826 velit
1576 1761 1697 1826 favere:

516 1890 580 1953 Hie
596 1890 673 1971 pias
695 1889 822 1952 antistes
844 1888 967 1988 soplliae
988 1909 1047 1952 saa
1068 1889 1150 1952 doaa
1172 1888 1344 1990 aipistrat,

632 1995 696 2058 Hie
721 1999 747 2057 te
770 2000 836 2057 lare
853 2000 950 2078 cocat,
974 1995 1055 2074 sidere
1078 1996 1191 2076 etipse
1213 1995 1292 2059 Ioui.

46 2127 217 2190 Postrema
239 2123 338 2187 verba
362 2122 561 2204 significant,
585 2123 622 2182 ut
644 2119 824 2183 Mercurius
849 2118 918 2182 Iovi
944 2119 1077 2191 caelesti
1100 2119 1182 2183 fidus
1207 2119 1265 2205 sit,
1288 2121 1336 2183 ita
1356 2117 1499 2203 Carpum
1518 2118 1620 2182 fidum
1639 2140 1710 2182 esse
1734 2116 1805 2181 Iovi

48 2232 246 2296 Domitiano,
283 2227 347 2293 Sed
365 2229 399 2292 in
418 2249 496 2291 voce
515 2248 573 2292 sna
592 2223 634 2312 (v.
646 2223 682 2311 a)
700 2226 832 2290 haereo:
855 2247 931 2289 nam
951 2229 984 2288 et
1003 2225 1176 2290 obscurum
1196 2230 1246 2290 est
1268 2248 1327 2292 saa
1345 2228 1427 2290 dorla
1441 2230 1474 2290 et
1489 2225 1661 2309 oportebat
1675 2228 1804 2308 poetam

47 2339 101 2403 hic
131 2337 240 2401 omnia
270 2335 310 2399 ad
341 2323 535 2398 Mercurium
565 2333 699 2416 referre,
728 2333 819 2415 cujus
849 2333 973 2395 tutelae
998 2331 1123 2416 Oarpus
1147 2333 1401 2397 commendatur.
1446 2331 1597 2396 Praestat
1627 2335 1712 2396 certe
1743 2337 1807 2395 iaa

48 2447 144 2509 cloria:
176 2442 329 2506 Mercurii
359 2442 446 2505 enim
477 2440 597 2503 donum
621 2443 671 2502 est
695 2438 810 2522 sophia
833 2439 970 2522 ideoque
993 2439 1153 2503 Mercurio
1177 2439 1290 2503 tuendi
1313 2443 1389 2503 sunt
1411 2432 1616 2524 pii'sophiae
1640 2439 1806 2502 antistites

50 2556 87 2615 ut
105 2550 168 2614 viri
186 2548 404 2613 Mercuriales.
442 2545 592 2612 Ceterum
613 2567 728 2609 moneo
747 2545 795 2608 liic
814 2545 994 2609 subiectum
1009 2569 1093 2631 esse,
1112 2547 1212 2610 verba
1224 2548 1300 2629 pias
1314 2549 1440 2610 aaiisies
1453 2545 1576 2627 sophiae
1589 2545 1807 2628 praedicative

51 2656 215 2741 apposita:
246 2655 296 2718 llic
318 2655 479 2736 serapias
501 2652 624 2733 sophiae
647 2653 773 2715 antistes
795 2653 849 2736 sit,
872 2657 926 2716 trra
948 2654 1029 2717 cloria
1052 2659 1125 2718 saal
1145 2675 1223 2736 qaae
1245 2655 1412 2717 raiaistrat.

211 2778 348 2857 X1,80:
635 2777 727 2840 litas
749 2776 853 2840 bealae
881 2775 1006 2841 Veseris
1028 2799 1158 2841 aareara
1181 2777 1296 2861 Baiae,

205 2884 208 2890 ’
639 2880 743 2946 Baias
766 2884 910 2964 superbae
933 2884 1048 2948 blanda
1070 2886 1152 2948 cloria
1174 2889 1318 2962 paterae,

603 2999 606 3003 ’
645 2987 685 3054 Ut
707 2989 790 3052 mille
814 2991 948 3074 laudem,
971 2989 1096 3075 Flacca,
1119 2992 1254 3055 oersibas
1276 2991 1389 3074 Baiae,

639 3096 789 3160 Laudabo
813 3098 903 3178 dipae
924 3099 1087 3161 parisatis
1110 3103 1212 3161 taurea
1235 3098 1347 3162 Baias

587 3203 617 3266 5.
641 3202 703 3266 Seol
724 3204 906 3267 Martialem
928 3204 1024 3287 raalo,
1047 3200 1171 3288 Flacca,
1194 3225 1287 3285 aaara
1310 3203 1423 3267 Baias.

643 3308 756 3392 Optare
779 3315 940 3392 atramque
956 3312 1092 3393 pariter,
1107 3312 1246 3392 >improbi
1268 3316 1371 3374 rotrici
1393 3316 1444 3375 est.

643 3416 731 3495 erod
752 3418 781 3480 si
803 3419 928 3481 deorara
951 3438 1074 3480 manere
1094 3417 1151 3481 ¹boc
1173 3419 1241 3481 tibi
1263 3420 1362 3498 eiciar,

643 3523 725 3602 Quid
743 3526 931 3605 paaeliorara
953 3528 997 3586 esi
1018 3524 1183 3588 Martialis
1205 3530 1234 3587 el
1256 3525 1367 3589 Baiae.

58 3650 127 3715 libi
155 3645 198 3734 (v.
219 3644 253 3733 7)
277 3647 452 3732 pessimum
478 3651 543 3712 est:
573 3669 652 3710 nam·
672 3669 737 3711 non
762 3646 912 3711 Flaccum
944 3648 1097 3732 gaudere,
1126 3648 1154 3712 si
1178 3649 1241 3712 sibi
1269 3653 1301 3712 et
1324 3647 1485 3713 Martialis
1509 3653 1542 3713 e't
1565 3650 1665 3733 Bajae
1688 3651 1813 3735 dentur,

59 3756 115 3820 sed
139 3758 270 3839 poetam
293 3753 415 3838 ipsum,
439 3753 542 3817 conici
571 3757 682 3837 potest
705 3776 744 3818 ex
774 3776 870 3818 versu
900 3754 1142 3837 5(Mariialera
1172 3755 1245 3818 aral
1263 3755 1291 3839 ).
1344 3755 1391 3820 Ut
1418 3756 1570 3821 omittam
1599 3757 1813 3840 interpretum

40 3861 213 3947 ineptias,
243 3859 299 3944 qui
322 3857 438 3923 Flacco
462 3859 597 3924 deorum
626 3882 758 3924 munere
789 3860 859 3925 dari
888 3882 983 3945 posse
1007 3865 1137 3945 putant,
1165 3865 1291 3925 utnon
1312 3862 1409 3926 modo
1433 3867 1531 3948 poeta
1554 3863 1612 3948 sit,
1634 3864 1690 3926 sed
1714 3863 1814 3940 etiam

59 3968 236 4051 Marcialio,
264 3967 427 4030 sententia
455 3967 701 4051 epigrammatis
729 3967 809 4032 haec
837 3972 899 4033 est:
933 3968 1031 4032 Baias
1059 3991 1078 4031 a
1102 3966 1217 4032 Flacco
1241 3969 1399 4033 invitatus
1422 3970 1545 4034 urbane
1573 3993 1610 4034 eo
1635 3971 1756 4034 iturum
1781 3993 1814 4034 se

61 4098 131 4140 esse
155 4076 253 4159 poeta
274 4076 389 4157 negat,
416 4072 481 4136 nisi
504 4069 700 4161 Martialem,
722 4096 789 4138 non
812 4063 962 4140 clientem
988 4097 1072 4159 esse,
1100 4075 1133 4138 id
1156 4079 1207 4138 est
1234 4075 1298 4140 sibi
1326 4076 1584 4161 carminibusque
1613 4078 1680 4140 suis
1708 4077 1816 4141 vivere

60 4182 130 4246 illic
158 4181 270 4264 liceat,
297 4183 335 4242 ut
365 4180 458 4244 licuit
480 4176 653 4266 ‘Anxure²)
688 4181 721 4244 in
751 4181 831 4245 villa
859 4180 1010 4246 Frontini
1043 4179 1174 4268 (X,·58‚
1193 4181 1314 4268 5—7).
1375 4182 1585 4248 Scribendum
1619 4184 1721 4269 igitur
1754 4187 1817 4246 est:

61 4287 154 4351 raili
176 4287 271 4350 eiciar.

224 4518 251 4585 2)
270 4514 404 4568 Anxure
427 4513 554 4567 Frontini
572 4513 641 4567 villa
658 4513 725 4581 fuit,
745 4532 800 4568 non
819 4532 905 4584 prope
924 4515 1024 4583 Baias,
1044 4519 1150 4570 utnon
1169 4517 1252 4571 modo
1274 4517 1443 4573 Gattrnaaao
1463 4520 1583 4588 (observ.
1598 4519 1627 4572 in
1645 4520 1726 4574 Mart.
1741 4538 1768 4588 p.
1786 4527 1818 4573 13

63 4608 121 4662 not.
139 4608 164 4675 1)
185 4605 234 4659 sed
253 4603 340 4658 etiam
358 4603 571 4657 Friediaerrdero
589 4603 701 4656 videtur
720 4603 987 4674 (Sittengesohichte
1006 4605 1092 4658 Roms
1107 4606 1173 4673 111⁵,
1188 4613 1253 4661 449:
1273 4607 1449 4678 „Besitzung
1467 4625 1512 4661 am
1526 4608 1595 4662 Gali
1605 4625 1661 4661 von
1679 4607 1818 4677 Neapel“.

65 4693 121 4747 Sed
136 4691 171 4748 cf.
187 4692 240 4760 11⁶,
261 4698 303 4762 97,
322 4694 358 4761 2).
395 4690 472 4744 Dicit
486 4689 623 4744 Martialis
642 4694 688 4762 X,
709 4693 766 4763 58,
785 4696 800 4745 1
815 4709 854 4747 a:
881 4695 1008 4748 Aaaaris
1021 4696 1148 4762 aequorei
1160 4697 1300 4764 placidos,
1320 4683 1468 4763 Froatiae,
1486 4713 1604 4751 recessus
1623 4697 1662 4750 Et
1675 4698 1821 4765 propias

65 4781 172 4835 Baias
196 4782 370 4848 litoreamqae
396 4781 505 4834 domam
529 4782 633 4849 (eolar').
680 4780 718 4834 Ut
740 4781 897 4835 thermulae
920 4783 1044 4838 urbanae
1067 4783 1105 4850 X,
1118 4791 1202 4851 13,3,
1229 4783 1270 4837 ita
1297 4784 1344 4838 hic
1368 4785 1413 4853 (cf.
1435 4784 1591 4839 Cassiodor.
1614 4785 1676 4839 Var.
1691 4785 1755 4853 XII,
1775 4789 1820 4855 22)

65 4885 191 4924 recessus
210 4868 330 4922 Anxuris
350 4868 480 4937 aequorei
500 4868 631 4922 dicuntur
656 4869 787 4924 alterae
805 4870 925 4938 Baiae,
952 4873 1011 4926 sed
1037 4872 1180 4942 propius
1199 4873 1333 4926 Romam
1353 4872 1450 4928 sitae.
1486 4874 1569 4926 Haud
1588 4873 1646 4926 scio
1666 4891 1702 4927 an
1720 4874 1822 4927 mirum

66 4956 196 5029 videatur
219 4956 420 5011 adverbium
439 4959 572 5026 propicia·
601 4959 650 5013 sed
674 4959 893 5028 cf.111,ss,ar:
923 4961 985 5015 Rae
1002 4962 1052 5014 lroe
1078 4963 1171 5016 occari
1195 4963 1269 5017 debet
1294 4980 1333 5016 arr
1355 4963 1469 5016 aomar
1495 4961 1610 5032 lappe?
1629 4965 1656 5016 et
1675 4965 1823 5033 praeterea

66 5046 203 5116 1,ee,1o.·
239 5045 331 5115 X,50,
342 5050 371 5100 8:
391 5064 484 5115 prope.
517 5047 582 5101 Alia
601 5047 700 5102 attulit
717 5048 842 5118 Draeger
860 5048 1036 5103 Historische
1056 5050 1161 5120 Syntax
1179 5049 1217 5118 12,
1239 5057 1325 5105 131s.
