4012 5662
902 209 926 281 4
990 234 992 238 Α

808 317 1020 324 ...u-,mm-

35 418 110 484 vitii
133 419 234 503 logici
263 419 383 485 habere
409 419 505 485 facile
536 420 727 505 perspicies,
758 421 785 485 si
817 421 1054 505 comparaveris
1078 441 1149 484 cum
1172 424 1284 484 nostro
1308 421 1393 505 „Die
1417 417 1792 500 siebemmdfbnfzigsten

35 522 201 591 Kuchen“.
254 525 299 611 X,
313 525 347 610 9,
364 528 399 591 1:
433 526 565 590 rrudeuis
591 527 779 609 pedibusque
807 528 1004 612 syllabisque,
1034 549 1105 591 cum
1136 548 1248 591 versus
1277 526 1444 591 Phalaecii
1474 526 1618 590 undenas
1646 525 1793 607 syllabas

35 631 191 717 habeant,
220 654 286 696 non
316 632 396 696 item
427 632 572 697 undenos
600 633 708 715 pedes.
758 633 874 718 X,24,
892 635 946 697 11:
976 639 1048 715 post
1074 633 1155 697 huuc
1178 634 1310 721 Nestora
1337 630 1407 716 (sed
1432 633 1471 697 cf.
1488 632 1598 696 quen.
1616 631 1694 716 XII,
1715 628 1793 710 128)

36 760 94 822 pro
118 744 192 821 post
218 739 298 803 banc
328 739 469 804 Nestoris
498 743 640 823 aetatem,
670 739 727 803 ubi
757 761 823 804 non
859 740 965 803 solum
995 740 1150 804 Koestliui
1184 743 1367 804 commento
1391 738 1577 823 posthinc,
1608 738 1664 802 sed
1694 737 1790 801 etiam

35 841 270 910 Friedlacuderi
300 845 442 930 eleganti
474 845 659 910 coniectura
682 851 768 927 post
796 845 860 910 boc
891 843 1006 931 (head.
1034 846 1109 911 Alb.
1133 846 1258 931 Regim.
1287 846 1371 910 1878
1398 843 1445 930 ΙΙ)
1475 845 1570 908 facile
1603 843 1793 908 carebimus.

35 950 122 1016 Nam
145 952 249 1016 multo
274 951 444 1016 audaciore
468 951 669 1034 metonymia
689 950 732 1036 X,
746 952 803 1036 48,
818 953 852 1016 4:
880 954 1040 1017 immodico
1063 957 1150 1017 scuta
1174 950 1282 1035 (horem
1301 952 1446 1016 Neroue
1463 952 1540 1016 calet
1556 973 1614 1036 pro
1634 951 1793 1014 immodico

36 1058 170 1122 Ncrouis
194 1057 383 1123 thermarum
406 1058 516 1122 ardore
543 1063 631 1122 scuta
657 1055 769 1144 caleti)
794 1095 834 1104 —
859 1058 1083 1123 Nihilominus
1106 1059 1150 1143 X,
1167 1058 1256 1142 71,5
1284 1062 1370 1122 recte
1397 1080 1449 1122 me
1479 1059 1590 1122 uuica
1619 1057 1793 1121 coniecisse

35 1168 130 1250 pulc,
161 1169 194 1230 et
217 1165 294 1249 quia
322 1165 430 1229 iocoso
459 1165 586 1235 dicendi
616 1185 733 1249 genere
756 1164 791 1228 in
813 1165 876 1229 hoc
899 1164 1101 1250 epitaphio
1129 1165 1339 1250 neglegentia
1367 1164 1524 1231 sermonis
1555 1163 1701 1228 excusari
1728 1185 1794 1227 non

37 1274 147 1354 potest
170 1275 203 1336 ct
226 1272 303 1354 quia
326 1271 443 1335 vitium
467 1271 590 1336 evitare
613 1275 730 1364 poetae
753 1271 807 1336 hic
830 1271 1004 1352 admodum
1026 1271 1122 1336 facile
1146 1276 1225 1336 erat.

198 1395 332 1461 Duobus
364 1396 445 1460 locis
482 1416 626 1460 versus
664 1396 1004 1481 transponendos
1041 1417 1132 1460 esse
1169 1395 1264 1460 amici
1301 1395 1398 1460 Gertb
1431 1400 1463 1460 et
1496 1395 1681 1460 Bocbmauu
1713 1394 1795 1458 mihi

39 1506 286 1585 persuaserunt:
311 1517 312 1521 ’
1285 1504 1287 1508 ’

197 1626 296 1702 Spect.
309 1628 343 1698 4,
358 1625 435 1699 8⁸⁸3
473 1623 584 1711 (turba
612 1623 808 1711 delatorum)
834 1626 992 1691 Traducta
1014 1631 1058 1691 cst
1163 1646 1216 1693 uec
1238 1629 1315 1711 cepit
1335 1647 1432 1692 areua
1454 1631 1607 1691 uocantes:

880 1732 928 1796 Et
948 1733 1064 1798 delator
1086 1733 1175 1799 babet
1195 1735 1277 1817 quod
1298 1732 1392 1799 dabat
1413 1735 1550 1798 cecilium.

775 1839 804 1903 5.
831 1840 955 1904 Eculat
975 1841 1119 1906 Ausonia
1135 1841 1289 1924 profupus
1311 1841 1428 1906 delator
1445 1841 1484 1905 ab
1505 1841 1595 1905 urbe:

881 1947 969 2011 Hace
993 1947 1048 2012 lice
1082 1948 1229 2029 impeusis
1245 1949 1401 2030 principis
1423 1967 1614 2012 auuumeres.

38 2069 121 2146 Quia
143 2091 256 2134 versus
280 2069 390 2153 quarti
418 2068 467 2132 vis
497 2073 530 2132 et
558 2088 694 2133 acumen
726 2093 821 2136 versu
850 2070 871 2134 5
898 2070 1037 2155 pessime
1061 2071 1270 2156 infringitur,
1292 2073 1366 2137 inde
1391 2095 1410 2136 a
1434 2071 1600 2155 scaligero
1624 2069 1685 2134 viri
1709 2070 1797 2134 docti

38 2198 151 2240 versus
182 2175 202 2240 5
232 2179 265 2240 et
297 2176 317 2240 6
348 2199 367 2239 a
394 2174 662 2259 praecedentibus
686 2176 896 2241 seiunxerunt
922 2180 960 2241 ut
982 2199 1103 2241 novum
1126 2178 1330 2263 epigramma
1353 2183 1410 2244 aut
1432 2179 1597 2264 integrum
1621 2181 1678 2241 aut
1700 2175 1795 2240 initio

38 2281 200 2347 mutilum.
246 2281 309 2347 Sed
342 2281 387 2346 sic
419 2282 627 2346 difficultates
657 2304 723 2346 non
753 2283 926 2369 tolluntur,
957 2284 1034 2368 quia
1063 2307 1092 2349 v.
1118 2285 1138 2349 6
1168 2291 1244 2368 post
1273 2286 1342 2350 v.5
1369 2287 1500 2370 ineptus
1532 2292 1595 2368 est,
1622 2288 1698 2368 post
1726 2282 1795 2347 v.3

39 2388 241 2473 aptissimus.
285 2388 371 2454 Nam
400 2389 555 2470 impeusae
577 2389 734 2471 prtuau's
765 2394 841 2453 sunt
869 2390 955 2453 ferae
986 2411 1105 2474 magno
1136 2396 1269 2477 sumptu
1291 2392 1429 2457 Romam
1459 2394 1682 2475 comportatae
1706 2392 1739 2455 et
1761 2389 1796 2452 in

40 2495 280 2579 amphitheatro
304 2495 428 2573 civibus
452 2498 615 2579 ostentae,
642 2494 754 2578 itaque
778 2495 937 2560 delatores
961 2518 1018 2579 per
1042 2519 1173 2566 arenam
1196 2499 1337 2564 traducti
1361 2499 1455 2584 quasi
1472 2499 1626 2579 impensae
1642 2497 1797 2578 principis

40 2601 103 2665 dici
126 2605 277 2686 possunt,
300 2624 365 2666 non
388 2601 468 2666 item
493 2601 654 2666 delatores
674 2600 708 2666 in
731 2601 865 2666 exilium
888 2602 990 2669 missi.
1034 2604 1124 2688 Ergo
1144 2610 1214 2689 aut,
1238 2606 1323 2689 quod
1345 2628 1411 2670 non
1433 2604 1582 2689 probem,
1604 2604 1695 2669 vv.4
1719 2601 1795 2666 et5
1843 2595 1846 2600 ’

39 2708 93 2773 vel
115 2708 226 2792 potius
249 2726 300 2773 vv.
319 2707 340 2772 5
364 2711 397 2773 et
420 2708 440 2772 6
464 2708 554 2771 uncis
577 2708 764 2772 includendi
787 2713 863 2772 sunt
887 2713 943 2774 aut
967 2711 1096 2796 egregie
1120 2713 1166 2777 sic
1190 2712 1303 2776 Gertb
1325 2711 1524 2796 transponit:
1599 2783 1600 2788 1

466 2833 496 2896 3.
524 2833 666 2896 traducta
688 2836 732 2896 est
837 2853 891 2897 uec
912 2836 991 2918 cepit
1011 2856 1108 2900 arcuo
1129 2841 1281 2901 uoceutes:

574 2938 603 3003 6.
630 2937 703 3024 baec
726 2939 794 3004 licet
815 2941 961 3022 impeusis
976 2943 1134 3024 princepis
1156 2951 1348 3010 auuumcres.

467 3044 497 3109 5.
523 3045 647 3110 Nauloi
667 3046 812 3110 Ausouia
827 3044 988 3130 profupus‘
1004 3049 1124 3114 delator
1146 3049 1185 3113 ab
1206 3049 1292 3130 urbe,

572 3153 603 3217 4.
630 3157 659 3217 et
679 3153 796 3217 delator
813 3152 907 3217 babet
926 3156 1008 3236 quod
1029 3155 1124 3220 dabat
1145 3155 1281 3220 eccillum.

41 3277 81 3341 In
102 3275 276 3341 iteratione
300 3275 388 3340 vocis
408 3276 528 3355 delator
549 3298 615 3340 non
640 3280 691 3342 est
714 3276 948 3343 offendendum.
992 3278 1079 3344 Nam
1104 3285 1141 3344 ut
1167 3279 1276 3344 ieiuna
1304 3284 1367 3364 est,
1391 3278 1420 3343 si
1442 3300 1555 3343 versus
1579 3279 1601 3341 4
1623 3299 1752 3342 versum
1776 3275 1796 3340 5
1821 3305 1824 3311 Δ

42 3382 218 3467 antecedit,
241 3382 288 3446 ita
318 3382 513 3466 gravissima
543 3405 638 3448 versu
667 3385 689 3447 4
712 3387 788 3468 post
811 3407 840 3448 v.
860 3384 880 3447 5
903 3385 1012 3469 posito
1036 3385 1116 3468 (iam
1139 3388 1215 3468 ipse
1236 3387 1381 3451 delator
1403 3387 1438 3451 iol
1458 3386 1558 3467 babet,
1580 3385 1661 3466 quod
1681 3383 1797 3465 dabat).

200 3506 254 3577 IV,
269 3506 326 3582 80,
341 3507 443 3568 1—4:
519 3505 687 3571 Declamas
710 3508 745 3571 iu
766 3507 848 3588 febre
870 3509 1005 3573 Morou:
1027 3509 1107 3574 boue
1129 3530 1190 3575 esse
1205 3510 1371 3592 pbreuesiu

629 3612 667 3679 Si
688 3616 799 3698 ueseis,
821 3636 885 3680 uou
907 3636 938 3680 es
960 3635 1070 3700 sauus,
1093 3617 1191 3681 amice
1212 3617 1339 3681 Marcu.

521 3720 689 3786 Declamas
711 3742 811 3805 aeper,
834 3722 986 3787 metamus
1008 3722 1231 3787 hemitritaeis.·

629 3826 667 3893 Si
688 3829 800 3892 sudare
822 3829 912 3893 aliter
924 3849 997 3899 ,uou
1013 3834 1113 3913 potes,
1135 3834 1181 3893 est
1200 3830 1290 3895 ratio.

42 3949 244 4015 Posterius
264 3951 462 4016 distichon
481 3950 744 4016 Schneidewinus
763 3953 855 4016 uncis
874 3953 1016 4019 inclusit.
1049 3952 1112 4018 Sed
1130 3954 1212 4018 bene
1231 3975 1282 4017 me
1297 3953 1516 4018 Bocbmauu
1534 3952 1661 4018 monuit
1676 3951 1798 4017 servari

42 4057 103 4122 hos
135 4079 247 4123 versus
279 4079 389 4143 posse,
422 4058 450 4121 si
482 4063 571 4123 ante
608 4058 716 4143 prius
755 4058 954 4124 distichon
990 4060 1289 4127 collocarentur.
1342 4058 1397 4125 Fit
1430 4060 1516 4124 enim
1548 4060 1595 4125 sic
1627 4059 1799 4143 aptissima

43 4163 193 4248 gradatio
216 4167 250 4229 et
267 4163 302 4227 in
325 4147 536 4247 pentametris
561 4170 594 4230 et
615 4187 674 4249 per
696 4186 791 4229 voces
814 4186 914 4250 oeper,
936 4164 1153 4250 hemitritaeos,
1176 4168 1211 4231 iu
1232 4166 1322 4247 febre.
1359 4183 1363 4190 ·

202 4270 293 4356 Ergo
311 4270 463 4335 hocloco
483 4294 595 4336 versus
615 4271 759 4335 Martiali
778 4260 955 4336 abiudicati
969 4277 1108 4354 possunt
1126 4273 1157 4338 ei
1170 4274 1309 4348 restitui.
1342 4273 1418 4337 Alia
1432 4277 1519 4338 recte
1533 4273 1567 4337 in
1581 4271 1797 4356 suspicionem

43 4381 160 4442 vocata
187 4382 279 4462 sunt,
306 4381 343 4441 ut
365 4376 445 4463 XII,
459 4377 515 4462 55,
530 4378 590 4443 5.6
620 4382 652 4443 et
681 4377 786 4461 Spect.
806 4377 878 4463 25¹2,
901 4379 1001 4463 quod,
1030 4401 1226 4463 quamquam
1255 4403 1321 4444 non
1345 4380 1504 4444 insulsum
1523 4380 1666 4464 videtur,
1688 4383 1799 4443 tamen
1876 4363 1879 4368 ’
1969 4465 1972 4472 Ι

44 4505 64 4546 a
83 4481 348 4566 Spectaculorum
367 4484 453 4549 libro
473 4484 613 4549 alienum
631 4489 682 4548 est
705 4487 738 4549 ct
756 4483 895 4549 fortasse
914 4486 956 4549 ab
975 4486 1106 4551 homine
1125 4486 1319 4551 scholastico
1333 4509 1399 4552 non
1413 4486 1543 4550 indocto
1559 4485 1600 4559 ad
1615 4484 1798 4569 exemplum

44 4589 290 4674 epigrammatis
308 4590 397 4675 XIV,
418 4591 479 4655 181
501 4592 683 4656 confictum.
706 4589 819 4655 Etiam
837 4591 896 4669 IX,
912 4587 975 4654 95¹³
995 4589 1065 4678 (95,
1080 4593 1100 4656 3
1113 4628 1145 4638 -
1158 4589 1206 4679 6),
1221 4593 1307 4677 quod
1321 4592 1492 4659 Scriverius
1506 4597 1539 4658 et
1553 4591 1799 4658 Sebueideuiuus

204 4838 231 4905 3)
250 4834 359 4903 Emori,
384 4851 443 4888 non
460 4835 656 4906 neglegentiae
674 4836 856 4891 tribuendum
882 4839 937 4906 est,
961 4839 1037 4907 quod
1056 4836 1195 4892 Martialis
1215 4836 1377 4892 Ciceronem
1394 4839 1492 4908 Arpis,
1511 4855 1568 4891 non
1586 4835 1686 4907 Arpini
1704 4836 1799 4888 natum

44 4923 128 4992 putat
141 4922 199 4991 (IV,
210 4928 253 4990 55,
263 4925 299 4992 3),
313 4922 463 4978 Horatium
477 4923 632 4993 Calabrum,
647 4942 705 4980 non
714 4925 838 4996 Apulum
851 4927 980 4982 nominat
994 4927 1078 4996 (VIII,
1092 4933 1133 4995 18,
1145 4934 1169 4981 5.
1189 4926 1224 4983 cf.
1235 4927 1269 4982 V.
1280 4932 1323 4995 80,
1333 4935 1358 4982 2.
1378 4927 1437 4994 XII,
1449 4933 1491 4994 94,
1502 4929 1537 4998 5),
1547 4923 1654 4979 Tibulli
1663 4925 1800 4979 Nemesim

45 5024 96 5084 pro
115 5010 198 5067 Delia
216 5015 417 5073 commemorat
435 5012 520 5082 (XIV,
532 5016 601 5084 19³).
