4012 5662
179 378 293 459 aperto
318 375 398 441 vitio
417 377 457 442 A.
493 377 602 442 Facile
621 381 757 462 apparet
775 377 810 440 in
828 377 1004 462 archetypo
1024 375 1182 458 librorum
1201 375 1298 463 XAO
1319 378 1435 442 calami
1455 377 1549 461 lapsu
1567 377 1706 460 superbis
1724 399 1782 461 pro

178 480 294 567 fuisse,
318 482 468 548 librarios
492 489 601 549 autem
625 484 770 548 codicum
794 483 825 547 X
850 487 882 547 et
907 481 945 568 O,
968 487 1006 547 ut
1029 483 1191 547 sententia
1215 488 1391 568 constaret,
1413 484 1559 564 superbas
1582 483 1760 568 scripsisse.

338 608 368 671 2.
392 610 476 681 x1v‚
493 609 583 686 92,1;
611 614 729 692 puncta
758 613 864 673 notas
896 609 972 672 ileu
1008 607 1091 672 male
1125 606 1387 673 Schneidewinus
1425 609 1665 673 constructione
1705 606 1759 695 (cf.
1788 664 1793 672 .

179 710 382 777 Historischc
416 712 540 798 Syntax
571 714 614 800 12,
634 716 699 780 363
715 738 738 779 s.
763 714 823 778 sub
849 713 892 800 A)
923 715 1009 798 apud
1039 713 1225 778 Martialem
1256 715 1290 779 in
1321 715 1399 779 salis
1429 717 1578 779 induendi
1608 720 1641 779 et
1670 717 1792 780 merendi

178 819 313 884 usitata:
342 810 418 883 nam
437 842 514 885 cave
534 823 682 906 exempla
701 823 831 905 afferas,
850 822 960 906 qualia
979 825 1056 885 sunt
1074 823 1169 885 tincta
1186 823 1294 885 rubore
1309 843 1404 903 penas
1423 827 1456 886 et
1475 822 1603 887 similia
1639 822 1738 886 Recte
1759 820 1792 888 S<

177 929 276 990 notis
304 927 377 1010 iles,
409 927 494 1010 quod
524 950 589 992 non
620 929 716 1008 modo
747 928 773 992 P
802 928 914 1013 habet,
944 928 1000 994 sed
1032 928 1131 992 etiam
1161 927 1247 1012 ipius
1270 927 1414 992 familiae
1440 927 1484 992 0⁸
1507 929 1590 993 liber
1612 928 1651 992 A.
1697 929 1736 992 In
1759 950 1791 992 ar

177 1032 321 1096 familiae
347 1031 391 1097 0²
414 1033 542 1098 videtur
565 1035 685 1099 litteris
710 1036 816 1099 minus
841 1039 926 1100 recte
950 1034 1259 1119 distributisfuisse
1271 1040 1391 1116 puncta
1413 1037 1492 1098 noti
1514 1037 1625 1112 silea·
1655 1036 1751 1120 idque
1772 1058 1790 1098 s

178 1141 285 1204 estin
309 1139 351 1224 G,
375 1145 558 1205 correctura
588 1146 696 1206 autem
730 1143 763 1206 in
788 1164 822 1224 p.
845 1147 932 1206 nota
960 1143 1055 1206 silea
1086 1137 1174 1226 (sici)
1205 1145 1368 1205 mutatum
1398 1142 1432 1205 in
1454 1139 1559 1207 XBO.
1598 1148 1763 1224 pactas

178 1248 268 1311 nullo
293 1247 424 1311 omnino
449 1246 531 1311 libro
557 1252 673 1313 exstat.

338 1373 367 1436 3.
390 1372 484 1447 vm,
501 1371 548 1444 65,
561 1375 593 1432 6:
627 1371 904 1438 Schneidewinus:
926 1371 1029 1436 Rama
1047 1359 1195 1437 salutauit
1211 1393 1278 1437 acce
1296 1394 1449 1454 manuque
1466 1376 1568 1437 dena
1587 1370 1623 1460 (i.
1638 1395 1663 1436 e.
1682 1372 1788 1437 Domir

177 1481 312 1563 elnaem,
343 1479 428 1564 quod
457 1482 543 1543 recte
575 1480 718 1545 servavit
742 1478 920 1545 Scriverius
950 1475 1005 1566 (cf.
1023 1478 1084 1562 VI,
1100 1480 1199 1563 83,2.
1232 1479 1291 1563 XI,
1306 1480 1339 1564 5,
1355 1480 1384 1543 9.
1404 1475 1458 1564 al.)
1484 1479 1640 1563 praebent
1662 1479 1688 1542 P
1711 1485 1787 1564 atqu

177 1585 321 1651 familiae
343 1585 387 1651 Οιδ
407 1586 482 1649 libri
502 1585 526 1650 Ο
548 1591 581 1649 et
600 1584 648 1670 (in
668 1584 906 1671 dittographia)
922 1585 968 1651 G.'
996 1587 1099 1650 aaran
1117 1607 1183 1650 non
1205 1590 1255 1650 cst
1274 1587 1338 1650 nisi
1357 1587 1390 1650 in
1404 1580 1613 1650 ‘correctura'
1635 1583 1785 1671 (alterius

178 1693 296 1757 codicis
320 1693 348 1757 B
373 1696 406 1756 et
428 1693 463 1756 in
487 1693 710 1778 dittographia
733 1694 852 1758 codicis
874 1692 910 1757 G.
956 1692 1055 1757 XAB
1079 1693 1201 1757 habent
1224 1694 1353 1756 aaran
1377 1695 1489 1777 aperto
1508 1693 1633 1757 mendo,
1681 1691 1786 1759 Sinai

178 1799 353 1884 archetypo
377 1799 519 1864 familiae
544 1797 588 1865 C·
611 1800 675 1865 levi
699 1801 884 1885 corruptela
905 1802 1017 1863 dnenrn
1040 1797 1113 1885 (pro
1137 1797 1255 1884 dacem)
1282 1799 1439 1884 scriptum
1467 1800 1530 1864 fuit
1554 1799 1650 1884 idque
1677 1800 1712 1863 in
1740 1801 1783 1864 ali

178 1910 342 1971 servatum
375 1910 438 1992 est,
467 1907 502 1970 in
534 1907 608 1971 aliis
640 1911 804 1970 mutatum
836 1911 894 1971 aut
925 1907 960 1971 in
992 1908 1097 1970 duceni
1129 1905 1177 1991 (in
1207 1904 1247 1991 C)
1281 1911 1336 1970 aut
1366 1907 1398 1970 in
1432 1907 1521 1970 (lenna
1554 1904 1602 1992 (in
1635 1928 1714 1971 corr.
1737 1903 1780 1993 B)

177 2017 351 2098 utrumque
375 2012 423 2101 (in
449 2010 500 2099 G).
783 2086 789 2104 Ι

337 2131 366 2193 4.
390 2130 569 2206 V,Q⁰,1s.:
601 2125 675 2192 Non
698 2133 792 2193 toturn
815 2129 904 2213 milii,
927 2131 956 2194 si
981 2129 1139 2213 nacabit,
1167 2128 1275 2193 borani
1299 2128 1403 2192 Dones
1425 2133 1454 2192 et
1477 2129 1544 2192 licet
1564 2130 1707 2213 imputes,
1731 2127 1783 2194 Sec

178 2228 439 2301 Schneidewinus
470 2240 599 2301 secutus
629 2235 731 2300 libros
754 2235 823 2300 BG.
868 2235 968 2300 Recte
992 2234 1183 2300 Scriverius:
1212 2236 1368 2300 cacabis.
1420 2233 1506 2298 Nam
1537 2235 1600 2298 dici
1628 2239 1738 2320 potest
1760 2259 1781 2300 u

178 2339 232 2427 (cf.
252 2343 297 2427 H,
312 2343 346 2427 5,
361 2339 410 2429 6),
433 2344 554 2407 cacabis
577 2347 686 2408 autem
711 2348 761 2407 est
783 2365 848 2406 non
872 2342 968 2406 modo
992 2343 1025 2406 in
1049 2341 1084 2427 P,
1108 2344 1164 2407 secl
1184 2343 1282 2406 etiam
1302 2342 1336 2406 in
1354 2342 1458 2426 ipsius
1480 2342 1625 2406 familiae
1646 2341 1690 2407 Ο*
1709 2342 1782 2408 libri

338 2469 366 2532 5.
384 2467 584 2546 ·1!,108,5s.:
615 2468 821 2550 Mipnanrlnni
839 2473 894 2551 est,
913 2473 948 2530 nt
965 2488 1056 2531 narce
1073 2469 1156 2531 dorni
1175 2473 1213 2551 te,
1234 2467 1336 2551 Galle,
1355 2468 1500 2531 salntem:
1524 2486 1557 2531 es
1577 2469 1686 2550 tanti,
1704 2469 1751 2532 uel
1768 2489 1781 2532 s

177 2574 213 2638 ill
256 2572 478 2662 (salernas)
500 2576 586 2656 feret.
637 2574 688 2642 Es
718 2575 815 2638 tanti
837 2559 949 2657 XAG,
981 2572 1172 2656 Seriverius,
1203 2564 1474 2639 Schneidewinus.
1526 2571 1613 2636 Malo
1644 2579 1697 2637 est
1726 2579 1780 2639 tan

178 2686 205 2743 te
227 2680 390 2767 salutare),
414 2682 499 2767 quod
523 2687 556 2747 et
579 2682 733 2747 urbanius
758 2685 808 2746 est
833 2717 873 2725 -
898 2703 973 2744 nam
996 2699 1027 2744 es
1049 2683 1129 2745 tanti
1152 2677 1224 2766 (Du
1249 2680 1328 2745 bist
1352 2703 1385 2744 es
1404 2678 1499 2764 wert)
1519 2678 1572 2743 hic
1590 2680 1670 2744 mihi
1692 2681 1779 2747 videt

176 2789 332 2853 rusticum
356 2827 400 2836 —
424 2794 457 2853 et
479 2789 513 2852 in
537 2787 562 2851 P
586 2791 685 2872 atque
707 2789 740 2852 in
764 2787 867 2872 ipsius
890 2787 1036 2852 familiae
1061 2786 1105 2853 0²
1130 2787 1224 2851 libris
1249 2787 1311 2852 BG
1335 2787 1465 2871 legitur.

338 2895 451 2961 Solum
473 2895 593 2958 librum
619 2895 647 2959 G
673 2895 721 2958 bis
745 2894 1008 2960 Schneidewinus
1032 2896 1117 2959 male
1141 2898 1269 2959 secutus
1295 2898 1358 2958 est:

338 3021 368 3085 6.
391 3019 451 3095 VI,
467 3019 513 3092 74,
526 3019 559 3079 2:
600 3020 728 3086 Galeam
747 3021 871 3104 trifilem
889 3021 1102 3084 seniitactns
1120 3025 1279 3102 linquente.
1314 3017 1365 3082 Sic
1381 3016 1540 3103 Scaliger,
1559 3018 1727 3104 Heinsius7
1747 3017 1778 3084 Sc

179 3127 453 3211 sanctuarinm,
477 3125 672 3211 quamquam
696 3129 909 3192 semitactns
932 3127 1021 3190 solus
1047 3126 1074 3190 G
1099 3124 1146 3212 (l)
1174 3127 1285 3211 habet,
1315 3127 1507 3189 semitatus
1537 3131 1570 3190 et
1597 3127 1696 3190 ceteri
1719 3125 1777 3189 farr

179 3241 211 3301 et
234 3232 338 3318 PpQ.
383 3233 470 3318 Ege,
494 3234 572 3319 quid
594 3236 767 3299 semitaetns
789 3234 843 3298 hic
862 3233 924 3297 sibi
942 3233 1036 3318 velit,
1059 3256 1125 3297 non
1154 3233 1320 3317 intellego.
1357 3230 1442 3296 Nam
1468 3232 1567 3295 homo
1594 3233 1684 3316 talis,
1715 3255 1776 3318 qua

178 3343 415 3426 epigrammate
445 3340 600 3405 describit
629 3345 739 3425 poeta,
769 3363 834 3405 non
865 3339 949 3404 solet
979 3362 1093 3424 parum
1117 3341 1271 3424 capillum
1292 3359 1425 3423 ungere,
1449 3337 1505 3402 sed
1528 3330 1634 3401 rlimis.
1680 3338 1776 3424 Egrep

177 3450 369 3513 seniitatas
390 3453 552 3530 anpnentc.
599 3447 772 3532 Unguento
798 3447 883 3511 enim
907 3450 1044 3511 utuntur
1068 3447 1108 3511 ad
1132 3447 1330 3512 semitandcs
1354 3446 1458 3510 crines
1483 3441 1574 3531 (,‚um
1598 3446 1632 3509 in
1656 3446 1729 3510 dem
1753 3446 1775 3510 Ε

112 3548 116 3555 ’
178 3552 298 3639 Bahu,
322 3554 350 3618 d.
369 3554 390 3617 i.
410 3553 472 3618 den
492 3551 646 3636 Seheitel‚
665 3552 930 3640 herzustellen“).
975 3552 1036 3619 Oui
1055 3553 1264 3638 explicationi
1282 3575 1348 3617 nen
1367 3552 1512 3636 obstare,
1532 3552 1618 3636 quod
1636 3553 1765 3636 poetica

177 3683 285 3724 rarum
311 3661 465 3744 capillum
487 3659 649 3725 Martialis
672 3662 791 3725 calcant
814 3663 938 3753 trifilem
962 3660 1054 3744 dicit,
1076 3684 1141 3725 non
1165 3666 1215 3725 est
1239 3659 1323 3744 quod
1348 3681 1507 3723 moneam.
1735 3651 1740 3660 ’

339 3778 366 3862 ἵ.
390 3776 480 3849 VIII,
499 3776 527 3852 3,
543 3777 592 3836 19:
628 3777 675 3841 Ar
697 3782 730 3841 tn
748 3777 931 3842 Ronanus
962 3777 1080 3859 lepido
1102 3777 1166 3841 sale
1197 3779 1276 3858 tinpe
1306 3776 1428 3840 libellas.
1475 3773 1529 3840 Sic
1551 3775 1580 3839 G
1603 3780 1636 3840 et
1661 3774 1773 3842 Schnei

166 3885 334 3949 'Romanos
357 3884 470 3966 lepidas
488 3881 523 3946 T.
569 3883 711 3948 Romano
731 3885 827 3968 lepialo
845 3882 885 3947 A.
930 3883 1094 3947 Ruinano
1118 3885 1256 3966 lepidos
1274 3880 1362 3947 reete
1380 3881 1498 3967 reliqui
1518 3879 1672 3966 (PXBO)
1692 3885 1726 3947 et
1746 3880 1772 3946 Sl

177 3991 221 4056 Et
245 3991 365 4054 dicitur
389 3990 519 4074 melma,
543 4013 639 4074 quam
664 3992 781 4072 lepidas
803 3992 864 4075 sal,
888 3995 920 4054 et
942 3990 1106 4054 Rcirmnns
1128 3990 1177 4078 sal
1199 3987 1252 4074 (ct.
1270 3990 1320 4054 sal
1342 3987 1475 4073 Atticas)
1500 3993 1532 4052 et
1556 3989 1672 4072 lepidus
1696 3989 1771 4054 libell

338 4108 367 4172 8.
391 4106 449 4181 VI,
466 4107 593 4184 83,5s·:
627 4107 686 4171 Sit
707 4112 774 4190 tna,
796 4109 838 4170 sit
859 4085 991 4191 sanine,
1015 4104 1145 4189 Caesar,
1168 4111 1284 4169 natrna
1311 4107 1461 4170 Tonanti:
1498 4104 1604 4170 Utetur·
1626 4109 1684 4169 tcto
1700 4105 1770 4185 faln

177 4235 297 4279 manns,
344 4213 397 4279 Sic
420 4212 695 4297 Schneidewinus‚
719 4214 824 4278 solum
848 4213 877 4276 A
901 4217 1038 4278 secutus.
1096 4209 1263 4277 Sedbene
1287 4212 1457 4296 sehabet,
1481 4212 1566 4296 quod
1590 4211 1623 4274 in
1647 4214 1762 4278 ceteris

177 4319 292 4408 (etiam
314 4320 458 4385 familiae
482 4319 541 4406 0⁸)
565 4320 657 4384 libris
681 4320 803 4404 legitur
825 4324 1054 4404 receptumque
1079 4323 1129 4383 est
1153 4341 1172 4382 a
1196 4317 1368 4384 Scriverioz
1403 4319 1445 4383 Si
1472 4324 1527 4382 tna
1548 4320 1597 4383 sit.
1642 4317 1758 4404 Neque

178 4451 215 4493 eo
240 4432 291 4492 est
314 4427 555 4512 offendendum,
579 4427 665 4511 quod
688 4427 930 4492 coniunctivum
953 4429 994 4491 sit
1016 4425 1137 4490 urbane
1160 4416 1305 4490 laturum
1328 4432 1428 4490 ntetni·
1452 4426 1609 4510 sequitur.

337 4544 367 4607 9.
391 4543 452 4616 XI,
467 4543 516 4618 36,
532 4544 566 4604 2:
604 4564 699 4625 qnare
720 4564 782 4608 non
805 4544 928 4606 ueniam
949 4547 1071 4606 necatas
1093 4543 1141 4606 arl
1162 4548 1200 4606 te.
1247 4540 1299 4606 Sic
1324 4540 1586 4607 Schneidewinus
1611 4563 1649 4604 ex
1673 4539 1767 4607 codic:

179 4648 241 4715 seu
263 4672 368 4736 neque
392 4653 435 4715 aa
457 4655 484 4714 te
506 4673 579 4715 eum
601 4651 723 4714 neniam
747 4650 844 4714 verbo
868 4648 1064 4733 coniungere
1083 4649 1192 4732 placet
1210 4671 1314 4732 neque
1333 4649 1412 4713 dicit
1431 4649 1592 4713 Martialis
1615 4650 1659 4711 aul
1677 4649 1767 4731 aliqu

178 4753 230 4842 (ut
254 4757 443 4840 saepissime
467 4758 509 4820 acl
530 4778 653 4820 coenant
676 4753 803 4843 uocari).
848 4755 947 4820 Recte
972 4753 1148 4820 Seriverius
1172 4777 1245 4818 eum
1269 4756 1384 4820 ceteris
1403 4754 1553 4819 omnibus
1574 4755 1688 4841 (etiam
1706 4755 1766 4821 fam

177 4862 269 4926 libris
294 4863 437 4947 scripsit:
468 4884 489 4925 a
511 4868 551 4928 te.
598 4861 644 4927 Gt.
664 4863 725 4948 XI,
740 4862 796 4947 65,
812 4863 844 4926 1:
876 4862 1009 4927 Sescenti
1031 4867 1141 4927 cenant
1159 4885 1183 4952 ‚a
1207 4867 1248 4947 te,
1277 4860 1409 4946 Instine,
1439 4865 1549 4947 necati,
1573 4863 1629 4926 ubi
1652 4862 1765 4928 benel

177 4970 280 5032 winus
304 4969 450 5034 Thuanei
474 4967 531 5055 (T)
555 4970 726 5035 lectionem
749 4971 792 5034 ael
813 4975 839 5033 te
864 4971 1013 5054 sprevit·
