<?xml version="1.0" encoding="UTF-8"?>
<!DOCTYPE html PUBLIC "-//W3C//DTD XHTML 1.0 Transitional//EN"
    "http://www.w3.org/TR/xhtml1/DTD/xhtml1-transitional.dtd">
<html xmlns="http://www.w3.org/1999/xhtml" xml:lang="en" lang="en">
 <head>
  <title>
</title>
<meta http-equiv="Content-Type" content="text/html;charset=utf-8" />
  <meta name='ocr-system' content='tesseract 3.04.00' />
  <meta name='ocr-capabilities' content='ocr_page ocr_carea ocr_par ocr_line ocrx_word'/>
</head>
<body>
  <div class='ocr_page' id='page_1' title='image "admartialemquae00gilbgoog_0027.png"; bbox 0 0 4012 5662; ppageno 0'>
   <div class='ocr_carea' id='block_1_1' title="bbox 910 191 959 270">
    <p class='ocr_par' dir='ltr' id='par_1_1' title="bbox 910 191 959 270">
     <span class='ocr_line' id='line_1_1' title="bbox 910 191 959 270; baseline 0.02 -1"><span class='ocrx_word' id='word_1_1' title='bbox 910 191 959 270; x_wconf 69' lang='lat'><em>2&#39;0</em></span> 
     </span>
    </p>
   </div>
   <div class='ocr_carea' id='block_1_2' title="bbox 55 406 1813 1141">
    <p class='ocr_par' dir='ltr' id='par_1_2' title="bbox 55 406 1813 1141">
     <span class='ocr_line' id='line_1_2' title="bbox 57 406 1813 495; baseline 0.002 -26"><span class='ocrx_word' id='word_1_2' title='bbox 57 407 212 471; x_wconf 78' lang='lat' dir='ltr'><em>decentem.</em></span> <span class='ocrx_word' id='word_1_3' title='bbox 262 406 483 471; x_wconf 83' lang='lat' dir='ltr'><em>Fmedleender</em></span> <span class='ocrx_word' id='word_1_4' title='bbox 514 407 612 473; x_wconf 86' lang='lat' dir='ltr'><em>Acad.</em></span> <span class='ocrx_word' id='word_1_5' title='bbox 636 407 711 472; x_wconf 85' lang='lat' dir='ltr'><strong>Alb.</strong></span> <span class='ocrx_word' id='word_1_6' title='bbox 734 407 813 493; x_wconf 88' lang='lat' dir='ltr'><em>Reg.</em></span> <span class='ocrx_word' id='word_1_7' title='bbox 844 408 927 474; x_wconf 81' lang='grc'>1878</span> <span class='ocrx_word' id='word_1_8' title='bbox 953 407 999 472; x_wconf 85' lang='grc' dir='ltr'><em>Π;</em></span> <span class='ocrx_word' id='word_1_9' title='bbox 1037 408 1145 495; x_wconf 82' lang='lat' dir='ltr'>„Lege</span> <span class='ocrx_word' id='word_1_10' title='bbox 1175 432 1204 473; x_wconf 89' lang='lat' dir='ltr'><em>v.</em></span> <span class='ocrx_word' id='word_1_11' title='bbox 1230 409 1271 473; x_wconf 84' lang='lat'><em>15</em></span> <span class='ocrx_word' id='word_1_12' title='bbox 1302 411 1473 493; x_wconf 78' lang='lat' dir='ltr'><em>edentem,</em></span> <span class='ocrx_word' id='word_1_13' title='bbox 1504 408 1590 493; x_wconf 91' lang='lat' dir='ltr'><em>quod</em></span> <span class='ocrx_word' id='word_1_14' title='bbox 1621 413 1672 474; x_wconf 89' lang='lat' dir='ltr'><em>est</em></span> <span class='ocrx_word' id='word_1_15' title='bbox 1701 408 1735 472; x_wconf 91' lang='lat' dir='ltr'><em>in</em></span> <span class='ocrx_word' id='word_1_16' title='bbox 1765 408 1813 472; x_wconf 90' lang='lat' dir='ltr'><em>ed.</em></span> 
     </span>
     <span class='ocr_line' id='line_1_3' title="bbox 56 511 1813 601; baseline 0.001 -25"><span class='ocrx_word' id='word_1_17' title='bbox 56 511 203 577; x_wconf 84' lang='lat' dir='ltr'><em>Romana</em></span> <span class='ocrx_word' id='word_1_18' title='bbox 234 516 267 577; x_wconf 93' lang='lat' dir='ltr'><em>et</em></span> <span class='ocrx_word' id='word_1_19' title='bbox 296 514 331 578; x_wconf 91' lang='lat' dir='ltr'><em>in</em></span> <span class='ocrx_word' id='word_1_20' title='bbox 360 513 525 580; x_wconf 90' lang='lat' dir='ltr'><em>Puteaneo</em></span> <span class='ocrx_word' id='word_1_21' title='bbox 557 513 644 601; x_wconf 81' lang='lat' dir='ltr'>(X).“</span> <span class='ocrx_word' id='word_1_22' title='bbox 689 513 845 579; x_wconf 88' lang='lat' dir='ltr'><em>Poterant</em></span> <span class='ocrx_word' id='word_1_23' title='bbox 876 514 950 579; x_wconf 91' lang='lat' dir='ltr'><em>addi</em></span> <span class='ocrx_word' id='word_1_24' title='bbox 980 514 1009 577; x_wconf 92' lang='lat' dir='ltr'><strong>A</strong></span> <span class='ocrx_word' id='word_1_25' title='bbox 1038 519 1071 579; x_wconf 94' lang='lat' dir='ltr'><em>et</em></span> <span class='ocrx_word' id='word_1_26' title='bbox 1098 537 1145 599; x_wconf 89' lang='lat' dir='ltr'><em>pr.</em></span> <span class='ocrx_word' id='word_1_27' title='bbox 1164 514 1206 599; x_wconf 92' lang='lat' dir='ltr'><em>B,</em></span> <span class='ocrx_word' id='word_1_28' title='bbox 1244 515 1279 579; x_wconf 91' lang='lat' dir='ltr'><em>in</em></span> <span class='ocrx_word' id='word_1_29' title='bbox 1310 515 1427 599; x_wconf 88' lang='lat' dir='ltr'><em>quibus</em></span> <span class='ocrx_word' id='word_1_30' title='bbox 1458 520 1509 579; x_wconf 89' lang='lat' dir='ltr'><em>est</em></span> <span class='ocrx_word' id='word_1_31' title='bbox 1543 515 1621 596; x_wconf 77' lang='lat' dir='ltr'><em>fnpn</em></span> <span class='ocrx_word' id='word_1_32' title='bbox 1656 517 1813 579; x_wconf 76' lang='lat' dir='ltr'><em>sedentem.</em></span> 
     </span>
     <span class='ocr_line' id='line_1_4' title="bbox 57 617 1813 706; baseline 0 -22"><span class='ocrx_word' id='word_1_33' title='bbox 57 617 197 684; x_wconf 79' lang='lat' dir='ltr'><strong>Causam</strong></span> <span class='ocrx_word' id='word_1_34' title='bbox 216 642 286 706; x_wconf 84' lang='lat' dir='ltr'><em>eam</em></span> <span class='ocrx_word' id='word_1_35' title='bbox 306 620 455 705; x_wconf 86' lang='lat' dir='ltr'><em>adiungit</em></span> <span class='ocrx_word' id='word_1_36' title='bbox 473 622 523 685; x_wconf 84' lang='lat' dir='ltr'><em>vir</em></span> <span class='ocrx_word' id='word_1_37' title='bbox 547 644 706 706; x_wconf 82' lang='lat' dir='ltr'><em>summae,</em></span> <span class='ocrx_word' id='word_1_38' title='bbox 729 621 815 705; x_wconf 93' lang='lat' dir='ltr'><em>quod</em></span> <span class='ocrx_word' id='word_1_39' title='bbox 839 625 1012 706; x_wconf 77' lang='lat' dir='ltr'><em>„cenantes</em></span> <span class='ocrx_word' id='word_1_40' title='bbox 1036 642 1102 685; x_wconf 92' lang='lat' dir='ltr'><em>non</em></span> <span class='ocrx_word' id='word_1_41' title='bbox 1125 621 1239 685; x_wconf 89' lang='lat' dir='ltr'><em>sedent</em></span> <span class='ocrx_word' id='word_1_42' title='bbox 1263 621 1319 685; x_wconf 88' lang='lat' dir='ltr'><em>sed</em></span> <span class='ocrx_word' id='word_1_43' title='bbox 1343 619 1489 686; x_wconf 86' lang='lat' dir='ltr'><em>cubant.“</em></span> <span class='ocrx_word' id='word_1_44' title='bbox 1536 619 1599 686; x_wconf 80' lang='lat' dir='ltr'><em>Sed</em></span> <span class='ocrx_word' id='word_1_45' title='bbox 1623 621 1813 706; x_wconf 82' lang='lat' dir='ltr'><strong>priusquam</strong></span> 
     </span>
     <span class='ocr_line' id='line_1_5' title="bbox 55 726 1812 814; baseline 0.001 -24"><span class='ocrx_word' id='word_1_46' title='bbox 55 732 168 791; x_wconf 88' lang='lat' dir='ltr'><em>omnes</em></span> <span class='ocrx_word' id='word_1_47' title='bbox 192 727 431 813; x_wconf 80' lang='lat' dir='ltr'><em>convenissent,</em></span> <span class='ocrx_word' id='word_1_48' title='bbox 454 728 605 793; x_wconf 86' lang='lat' dir='ltr'><em>videntur</em></span> <span class='ocrx_word' id='word_1_49' title='bbox 628 728 762 792; x_wconf 84' lang='lat' dir='ltr'><em>sedisse:</em></span> <span class='ocrx_word' id='word_1_50' title='bbox 786 727 883 812; x_wconf 93' lang='lat' dir='ltr'>VIII,</span> <span class='ocrx_word' id='word_1_51' title='bbox 897 728 988 812; x_wconf 78' lang='lat'><em>67,6</em></span> <span class='ocrx_word' id='word_1_52' title='bbox 1008 726 1170 792; x_wconf 79' lang='lat' dir='ltr'>Martialis</span> <span class='ocrx_word' id='word_1_53' title='bbox 1190 728 1269 793; x_wconf 80' lang='lat' dir='ltr'><em>dicIt</em></span> <span class='ocrx_word' id='word_1_54' title='bbox 1288 729 1457 813; x_wconf 84' lang='lat' dir='ltr'><em>convivae,</em></span> <span class='ocrx_word' id='word_1_55' title='bbox 1482 729 1537 814; x_wconf 92' lang='lat' dir='ltr'><em>qui</em></span> <span class='ocrx_word' id='word_1_56' title='bbox 1557 750 1633 792; x_wconf 87' lang='lat' dir='ltr'><em>sane</em></span> <span class='ocrx_word' id='word_1_57' title='bbox 1654 729 1812 792; x_wconf 88' lang='lat' dir='ltr'><em>maturius</em></span> 
     </span>
     <span class='ocr_line' id='line_1_6' title="bbox 56 819 1813 920; baseline 0.001 -23"><span class='ocrx_word' id='word_1_58' title='bbox 56 834 146 898; x_wconf 89' lang='lat' dir='ltr'><em>venit</em></span> <span class='ocrx_word' id='word_1_59' title='bbox 168 833 261 899; x_wconf 83' lang='lat' dir='ltr'><em>lectis</em></span> <span class='ocrx_word' id='word_1_60' title='bbox 284 834 427 899; x_wconf 88' lang='lat' dir='ltr'><em>nondum</em></span> <span class='ocrx_word' id='word_1_61' title='bbox 451 835 578 899; x_wconf 88' lang='lat' dir='ltr'><em>stratis:</em></span> <span class='ocrx_word' id='word_1_62' title='bbox 609 835 795 919; x_wconf 78' lang='lat' dir='ltr'><em>Cuem&#39;le&#39;nne,</em></span> <span class='ocrx_word' id='word_1_63' title='bbox 818 836 893 900; x_wconf 86' lang='lat' dir='ltr'><em>sede.</em></span> <span class='ocrx_word' id='word_1_64' title='bbox 929 833 1018 918; x_wconf 80' lang='lat' dir='ltr'><em>Ergo</em></span> <span class='ocrx_word' id='word_1_65' title='bbox 1042 819 1220 899; x_wconf 87' lang='lat' dir='ltr'><em>sedentem</em></span> <span class='ocrx_word' id='word_1_66' title='bbox 1244 836 1438 900; x_wconf 87' lang='lat' dir='ltr'><em>servandum</em></span> <span class='ocrx_word' id='word_1_67' title='bbox 1462 840 1600 900; x_wconf 90' lang='lat' dir='ltr'><em>estnon</em></span> <span class='ocrx_word' id='word_1_68' title='bbox 1619 836 1716 900; x_wconf 90' lang='lat' dir='ltr'><em>modo</em></span> <span class='ocrx_word' id='word_1_69' title='bbox 1731 835 1813 920; x_wconf 77' lang='lat' dir='ltr'><em>¹quia</em></span> 
     </span>
     <span class='ocr_line' id='line_1_7' title="bbox 57 940 1813 1028; baseline 0.002 -25"><span class='ocrx_word' id='word_1_70' title='bbox 57 940 181 1005; x_wconf 88' lang='lat' dir='ltr'><em>duabus</em></span> <span class='ocrx_word' id='word_1_71' title='bbox 212 941 370 1005; x_wconf 90' lang='lat' dir='ltr'><em>librorum</em></span> <span class='ocrx_word' id='word_1_72' title='bbox 399 941 534 1006; x_wconf 88' lang='lat' dir='ltr'><em>familiis</em></span> <span class='ocrx_word' id='word_1_73' title='bbox 565 942 823 1027; x_wconf 88' lang='lat' dir='ltr'><em>commendatur,</em></span> <span class='ocrx_word' id='word_1_74' title='bbox 854 942 908 1006; x_wconf 91' lang='lat' dir='ltr'><em>sed</em></span> <span class='ocrx_word' id='word_1_75' title='bbox 940 942 1039 1005; x_wconf 89' lang='lat' dir='ltr'><em>etiam</em></span> <span class='ocrx_word' id='word_1_76' title='bbox 1069 945 1204 1026; x_wconf 90' lang='lat' dir='ltr'><em>propter</em></span> <span class='ocrx_word' id='word_1_77' title='bbox 1233 944 1433 1026; x_wconf 88' lang='lat' dir='ltr'><em>praeclaram</em></span> <span class='ocrx_word' id='word_1_78' title='bbox 1466 943 1707 1028; x_wconf 81' lang='lat' dir='ltr'><em>gradationem,</em></span> <span class='ocrx_word' id='word_1_79' title='bbox 1730 964 1813 1027; x_wconf 92' lang='lat' dir='ltr'><em>quae</em></span> 
     </span>
     <span class='ocr_line' id='line_1_8' title="bbox 56 1047 913 1141; baseline 0.002 -30"><span class='ocrx_word' id='word_1_80' title='bbox 56 1047 194 1112; x_wconf 86' lang='lat' dir='ltr'><em>efficitur</em></span> <span class='ocrx_word' id='word_1_81' title='bbox 216 1047 396 1141; x_wconf 89' lang='lat' dir='ltr'><em>participiis</em></span> <span class='ocrx_word' id='word_1_82' title='bbox 419 1053 551 1132; x_wconf 89' lang='lat' dir='ltr'><em>enntem,</em></span> <span class='ocrx_word' id='word_1_83' title='bbox 574 1049 735 1133; x_wconf 79' lang='lat' dir='ltr'><em>sedentem,</em></span> <span class='ocrx_word' id='word_1_84' title='bbox 758 1050 913 1113; x_wconf 76' lang='lat' dir='ltr'><em>dueentem.</em></span> 
     </span>
    </p>
   </div>
   <div class='ocr_carea' id='block_1_3' title="bbox 1097 1167 1102 1177">
    <p class='ocr_par' dir='ltr' id='par_1_3' title="bbox 1097 1167 1102 1177">
     <span class='ocr_line' id='line_1_9' title="bbox 1097 1167 1102 1177; baseline 0 0"><span class='ocrx_word' id='word_1_85' title='bbox 1097 1167 1102 1177; x_wconf 74' lang='grc' dir='ltr'><strong><em>ι</em></strong></span> 
     </span>
    </p>
   </div>
   <div class='ocr_carea' id='block_1_4' title="bbox 54 1183 1813 2344">
    <p class='ocr_par' dir='ltr' id='par_1_4' title="bbox 54 1183 1813 2344">
     <span class='ocr_line' id='line_1_10' title="bbox 216 1183 1812 1275; baseline 0 -21"><span class='ocrx_word' id='word_1_86' title='bbox 216 1190 245 1254; x_wconf 87' lang='grc'><em>6.</em></span> <span class='ocrx_word' id='word_1_87' title='bbox 267 1190 327 1266; x_wconf 82' lang='grc' dir='ltr'><em>ΙΧ,</em></span> <span class='ocrx_word' id='word_1_88' title='bbox 344 1191 391 1262; x_wconf 83' lang='grc'><em>47,</em></span> <span class='ocrx_word' id='word_1_89' title='bbox 406 1192 438 1251; x_wconf 85' lang='lat'><em>5:</em></span> <span class='ocrx_word' id='word_1_90' title='bbox 481 1190 544 1256; x_wconf 79' lang='lat' dir='ltr'><em>Sed</em></span> <span class='ocrx_word' id='word_1_91' title='bbox 570 1193 652 1272; x_wconf 81' lang='lat' dir='ltr'><em>qnod</em></span> <span class='ocrx_word' id='word_1_92' title='bbox 678 1196 706 1255; x_wconf 90' lang='lat' dir='ltr'><em>et</em></span> <span class='ocrx_word' id='word_1_93' title='bbox 738 1191 867 1256; x_wconf 72' lang='lat' dir='ltr'><em>hircosis</em></span> <span class='ocrx_word' id='word_1_94' title='bbox 900 1183 1018 1255; x_wconf 83' lang='lat' dir='ltr'><em>sermm</em></span> <span class='ocrx_word' id='word_1_95' title='bbox 1054 1196 1106 1256; x_wconf 87' lang='lat' dir='ltr'><em>est</em></span> <span class='ocrx_word' id='word_1_96' title='bbox 1150 1197 1163 1255; x_wconf 90' lang='lat' dir='ltr'><em>t</em></span> <span class='ocrx_word' id='word_1_97' title='bbox 1191 1197 1277 1275; x_wconf 82' lang='lat' dir='ltr'><em>turpe</em></span> <span class='ocrx_word' id='word_1_98' title='bbox 1300 1193 1422 1275; x_wconf 84' lang='lat' dir='ltr'><em>pdests.</em></span> <span class='ocrx_word' id='word_1_99' title='bbox 1476 1191 1698 1259; x_wconf 83' lang='lat' dir='ltr'><em>Fmedtnender</em></span> <span class='ocrx_word' id='word_1_100' title='bbox 1729 1191 1752 1256; x_wconf 91' lang='lat' dir='ltr'><em>l.</em></span> <span class='ocrx_word' id='word_1_101' title='bbox 1774 1213 1812 1255; x_wconf 91' lang='lat' dir='ltr'><em>o.:</em></span> 
     </span>
     <span class='ocr_line' id='line_1_11' title="bbox 54 1297 1812 1384; baseline 0.001 -24"><span class='ocrx_word' id='word_1_102' title='bbox 54 1297 239 1381; x_wconf 91' lang='lat' dir='ltr'><em>„quomodo</em></span> <span class='ocrx_word' id='word_1_103' title='bbox 264 1297 298 1361; x_wconf 92' lang='lat' dir='ltr'><em>in</em></span> <span class='ocrx_word' id='word_1_104' title='bbox 320 1303 446 1362; x_wconf 86' lang='lat' dir='ltr'><em>textum</em></span> <span class='ocrx_word' id='word_1_105' title='bbox 469 1298 595 1363; x_wconf 84' lang='lat' dir='ltr'><em>venerit</em></span> <span class='ocrx_word' id='word_1_106' title='bbox 616 1315 720 1362; x_wconf 81' lang='lat' dir='ltr'><em>senum</em></span> <span class='ocrx_word' id='word_1_107' title='bbox 742 1303 797 1382; x_wconf 86' lang='lat' dir='ltr'><em>est,</em></span> <span class='ocrx_word' id='word_1_108' title='bbox 821 1298 907 1383; x_wconf 90' lang='lat' dir='ltr'><em>qnod</em></span> <span class='ocrx_word' id='word_1_109' title='bbox 930 1320 1060 1362; x_wconf 90' lang='lat' dir='ltr'><em>sensum</em></span> <span class='ocrx_word' id='word_1_110' title='bbox 1083 1320 1149 1362; x_wconf 90' lang='lat' dir='ltr'><em>non</em></span> <span class='ocrx_word' id='word_1_111' title='bbox 1171 1299 1291 1364; x_wconf 91' lang='lat' dir='ltr'><em>habere</em></span> <span class='ocrx_word' id='word_1_112' title='bbox 1311 1304 1459 1384; x_wconf 88' lang='lat' dir='ltr'><em>apparet,</em></span> <span class='ocrx_word' id='word_1_113' title='bbox 1483 1300 1631 1384; x_wconf 85' lang='lat' dir='ltr'><em>quamvis</em></span> <span class='ocrx_word' id='word_1_114' title='bbox 1652 1298 1812 1382; x_wconf 88' lang='lat' dir='ltr'><em>explicare</em></span> 
     </span>
     <span class='ocr_line' id='line_1_12' title="bbox 55 1403 1811 1490; baseline 0.002 -24"><span class='ocrx_word' id='word_1_115' title='bbox 55 1425 227 1488; x_wconf 84' lang='lat' dir='ltr'><em>nequeam,</em></span> <span class='ocrx_word' id='word_1_116' title='bbox 256 1404 310 1468; x_wconf 82' lang='lat' dir='ltr'><em>vix</em></span> <span class='ocrx_word' id='word_1_117' title='bbox 341 1404 454 1469; x_wconf 89' lang='lat' dir='ltr'><em>dubito</em></span> <span class='ocrx_word' id='word_1_118' title='bbox 479 1406 558 1490; x_wconf 91' lang='lat' dir='ltr'><em>quin</em></span> <span class='ocrx_word' id='word_1_119' title='bbox 581 1427 619 1470; x_wconf 84' lang='lat' dir='ltr'><em>ex</em></span> <span class='ocrx_word' id='word_1_120' title='bbox 645 1403 669 1470; x_wconf 78' lang='lat' dir='ltr'>O</span> <span class='ocrx_word' id='word_1_121' title='bbox 693 1404 930 1469; x_wconf 90' lang='lat' dir='ltr'><em>restituendum</em></span> <span class='ocrx_word' id='word_1_122' title='bbox 953 1405 997 1469; x_wconf 92' lang='lat' dir='ltr'><em>sit</em></span> <span class='ocrx_word' id='word_1_123' title='bbox 1026 1410 1130 1488; x_wconf 84' lang='lat' dir='ltr'><em>tnrpe</em></span> <span class='ocrx_word' id='word_1_124' title='bbox 1152 1410 1211 1470; x_wconf 83' lang='lat' dir='ltr'><em>est.</em></span> <span class='ocrx_word' id='word_1_125' title='bbox 1256 1425 1357 1469; x_wconf 86' lang='lat' dir='ltr'><em>sermm</em></span> <span class='ocrx_word' id='word_1_126' title='bbox 1380 1410 1474 1469; x_wconf 87' lang='lat' dir='ltr'><em>estet</em></span> <span class='ocrx_word' id='word_1_127' title='bbox 1497 1407 1655 1470; x_wconf 88' lang='lat' dir='ltr'><em>omittunt</em></span> <span class='ocrx_word' id='word_1_128' title='bbox 1678 1403 1811 1490; x_wconf 71' lang='lat' dir='ltr'><em>XA“.14)</em></span> 
     </span>
     <span class='ocr_line' id='line_1_13' title="bbox 55 1509 1812 1597; baseline 0.001 -23"><span class='ocrx_word' id='word_1_129' title='bbox 55 1509 105 1574; x_wconf 80' lang='lat' dir='ltr'><em>Eo</em></span> <span class='ocrx_word' id='word_1_130' title='bbox 128 1510 213 1596; x_wconf 91' lang='lat' dir='ltr'><em>ipso,</em></span> <span class='ocrx_word' id='word_1_131' title='bbox 236 1510 322 1595; x_wconf 93' lang='lat' dir='ltr'><em>quod</em></span> <span class='ocrx_word' id='word_1_132' title='bbox 344 1531 445 1575; x_wconf 83' lang='lat' dir='ltr'><em>sernm</em></span> <span class='ocrx_word' id='word_1_133' title='bbox 463 1516 552 1576; x_wconf 86' lang='lat' dir='ltr'><em>estet</em></span> <span class='ocrx_word' id='word_1_134' title='bbox 569 1511 635 1575; x_wconf 92' lang='lat' dir='ltr'><em>XA</em></span> <span class='ocrx_word' id='word_1_135' title='bbox 654 1513 826 1597; x_wconf 90' lang='lat' dir='ltr'><em>omittunt,</em></span> <span class='ocrx_word' id='word_1_136' title='bbox 843 1511 940 1589; x_wconf 81' lang='lat' dir='ltr'><em>facile</em></span> <span class='ocrx_word' id='word_1_137' title='bbox 958 1511 1176 1597; x_wconf 88' lang='lat' dir='ltr'><em>intellegitur,</em></span> <span class='ocrx_word' id='word_1_138' title='bbox 1194 1512 1229 1575; x_wconf 91' lang='lat' dir='ltr'><em>in</em></span> <span class='ocrx_word' id='word_1_139' title='bbox 1249 1510 1287 1597; x_wconf 80' lang='lat' dir='ltr'><em>O,</em></span> <span class='ocrx_word' id='word_1_140' title='bbox 1307 1513 1362 1596; x_wconf 90' lang='lat' dir='ltr'><em>qui</em></span> <span class='ocrx_word' id='word_1_141' title='bbox 1382 1512 1465 1577; x_wconf 90' lang='lat' dir='ltr'><em>liber</em></span> <span class='ocrx_word' id='word_1_142' title='bbox 1483 1512 1576 1576; x_wconf 86' lang='lat' dir='ltr'><em>foede</em></span> <span class='ocrx_word' id='word_1_143' title='bbox 1595 1512 1812 1596; x_wconf 88' lang='lat' dir='ltr'><em>interpolatus</em></span> 
     </span>
     <span class='ocr_line' id='line_1_14' title="bbox 56 1618 1812 1711; baseline 0.002 -32"><span class='ocrx_word' id='word_1_144' title='bbox 56 1619 119 1700; x_wconf 87' lang='lat' dir='ltr'><em>est,</em></span> <span class='ocrx_word' id='word_1_145' title='bbox 150 1621 236 1699; x_wconf 81' lang='lat' dir='ltr'><em>tnrpe</em></span> <span class='ocrx_word' id='word_1_146' title='bbox 258 1622 302 1711; x_wconf 80' lang='lat' dir='ltr'><em>est</em></span> <span class='ocrx_word' id='word_1_147' title='bbox 329 1623 358 1681; x_wconf 88' lang='lat' dir='ltr'><em>et</em></span> <span class='ocrx_word' id='word_1_148' title='bbox 383 1618 552 1682; x_wconf 89' lang='lat' dir='ltr'><em>librarium</em></span> <span class='ocrx_word' id='word_1_149' title='bbox 576 1641 616 1683; x_wconf 86' lang='lat' dir='ltr'><em>ex</em></span> <span class='ocrx_word' id='word_1_150' title='bbox 639 1640 697 1682; x_wconf 91' lang='lat' dir='ltr'><em>suo</em></span> <span class='ocrx_word' id='word_1_151' title='bbox 721 1618 852 1703; x_wconf 80' lang='lat' dir='ltr'><em>ingenio</em></span> <span class='ocrx_word' id='word_1_152' title='bbox 877 1618 972 1682; x_wconf 89' lang='lat' dir='ltr'><em>metri</em></span> <span class='ocrx_word' id='word_1_153' title='bbox 996 1640 1094 1683; x_wconf 88' lang='lat' dir='ltr'><em>eausa</em></span> <span class='ocrx_word' id='word_1_154' title='bbox 1117 1618 1289 1682; x_wconf 85' lang='lat' dir='ltr'><em>addidisse.</em></span> <span class='ocrx_word' id='word_1_155' title='bbox 1335 1618 1472 1704; x_wconf 79' lang='lat' dir='ltr'><em>Legitur</em></span> <span class='ocrx_word' id='word_1_156' title='bbox 1495 1622 1604 1684; x_wconf 89' lang='lat' dir='ltr'><em>autem</em></span> <span class='ocrx_word' id='word_1_157' title='bbox 1626 1640 1692 1683; x_wconf 91' lang='lat' dir='ltr'><em>non</em></span> <span class='ocrx_word' id='word_1_158' title='bbox 1716 1618 1812 1683; x_wconf 90' lang='lat' dir='ltr'><em>modo</em></span> 
     </span>
     <span class='ocr_line' id='line_1_15' title="bbox 55 1720 1813 1811; baseline 0.001 -24"><span class='ocrx_word' id='word_1_159' title='bbox 55 1723 89 1787; x_wconf 90' lang='lat' dir='ltr'><em>in</em></span> <span class='ocrx_word' id='word_1_160' title='bbox 119 1720 247 1806; x_wconf 65' lang='lat' dir='ltr'>TPDQ</span> <span class='ocrx_word' id='word_1_161' title='bbox 277 1744 379 1788; x_wconf 83' lang='lat' dir='ltr'><em>sermm</em></span> <span class='ocrx_word' id='word_1_162' title='bbox 409 1731 452 1790; x_wconf 83' lang='lat' dir='ltr'><em>est</em></span> <span class='ocrx_word' id='word_1_163' title='bbox 480 1731 520 1811; x_wconf 92' lang='lat' dir='ltr'><em>et,</em></span> <span class='ocrx_word' id='word_1_164' title='bbox 543 1725 600 1789; x_wconf 91' lang='lat' dir='ltr'><em>sed</em></span> <span class='ocrx_word' id='word_1_165' title='bbox 631 1725 730 1788; x_wconf 90' lang='lat' dir='ltr'><em>etiam</em></span> <span class='ocrx_word' id='word_1_166' title='bbox 759 1725 794 1789; x_wconf 91' lang='lat' dir='ltr'><em>in</em></span> <span class='ocrx_word' id='word_1_167' title='bbox 824 1747 888 1789; x_wconf 92' lang='lat' dir='ltr'><em>uno</em></span> <span class='ocrx_word' id='word_1_168' title='bbox 919 1725 1063 1790; x_wconf 86' lang='lat' dir='ltr'><em>familiae</em></span> <span class='ocrx_word' id='word_1_169' title='bbox 1095 1722 1140 1792; x_wconf 65' lang='grc' dir='ltr'><em>Οει</em></span> <span class='ocrx_word' id='word_1_170' title='bbox 1164 1723 1235 1811; x_wconf 81' lang='lat' dir='ltr'>(G),</span> <span class='ocrx_word' id='word_1_171' title='bbox 1266 1726 1320 1810; x_wconf 91' lang='lat' dir='ltr'><em>qui</em></span> <span class='ocrx_word' id='word_1_172' title='bbox 1351 1726 1422 1790; x_wconf 89' lang='lat' dir='ltr'><em>sola</em></span> <span class='ocrx_word' id='word_1_173' title='bbox 1445 1726 1544 1790; x_wconf 88' lang='lat' dir='ltr'><em>verba</em></span> <span class='ocrx_word' id='word_1_174' title='bbox 1567 1731 1656 1791; x_wconf 87' lang='lat' dir='ltr'><em>estet</em></span> <span class='ocrx_word' id='word_1_175' title='bbox 1679 1726 1813 1810; x_wconf 86' lang='lat' dir='ltr'><em>omittit,</em></span> 
     </span>
     <span class='ocr_line' id='line_1_16' title="bbox 54 1830 1812 1918; baseline 0.001 -24"><span class='ocrx_word' id='word_1_176' title='bbox 54 1849 165 1895; x_wconf 82' lang='lat' dir='ltr'><em>sermm.</em></span> <span class='ocrx_word' id='word_1_177' title='bbox 188 1867 232 1877; x_wconf 98' lang='lat'><em>-</em></span> <span class='ocrx_word' id='word_1_178' title='bbox 254 1830 364 1895; x_wconf 81' lang='lat' dir='ltr'><em>Sernm</em></span> <span class='ocrx_word' id='word_1_179' title='bbox 387 1836 431 1895; x_wconf 83' lang='lat' dir='ltr'><em>est</em></span> <span class='ocrx_word' id='word_1_180' title='bbox 452 1832 617 1917; x_wconf 88' lang='lat' dir='ltr'><em>significat</em></span> <span class='ocrx_word' id='word_1_181' title='bbox 640 1854 696 1917; x_wconf 88' lang='lat' dir='ltr'><em>„es</em></span> <span class='ocrx_word' id='word_1_182' title='bbox 720 1831 765 1896; x_wconf 90' lang='lat' dir='ltr'><em>ist</em></span> <span class='ocrx_word' id='word_1_183' title='bbox 784 1836 961 1917; x_wconf 80' lang='lat' dir='ltr'><em>versp&#39;aitet,</em></span> <span class='ocrx_word' id='word_1_184' title='bbox 986 1833 1055 1897; x_wconf 88' lang='lat' dir='ltr'><em>fieri</em></span> <span class='ocrx_word' id='word_1_185' title='bbox 1074 1855 1140 1897; x_wconf 90' lang='lat' dir='ltr'><em>non</em></span> <span class='ocrx_word' id='word_1_186' title='bbox 1163 1833 1229 1896; x_wconf 90' lang='lat' dir='ltr'><em>iam</em></span> <span class='ocrx_word' id='word_1_187' title='bbox 1248 1836 1372 1916; x_wconf 90' lang='lat' dir='ltr'><em>potest,</em></span> <span class='ocrx_word' id='word_1_188' title='bbox 1394 1855 1460 1897; x_wconf 88' lang='lat' dir='ltr'><em>non</em></span> <span class='ocrx_word' id='word_1_189' title='bbox 1478 1834 1544 1897; x_wconf 91' lang='lat' dir='ltr'><em>iam</em></span> <span class='ocrx_word' id='word_1_190' title='bbox 1568 1831 1681 1918; x_wconf 82' lang='lat' dir='ltr'><em>licet“;</em></span> <span class='ocrx_word' id='word_1_191' title='bbox 1704 1833 1812 1918; x_wconf 88' lang='lat' dir='ltr'><em>pueris</em></span> 
     </span>
     <span class='ocr_line' id='line_1_17' title="bbox 56 1937 1812 2024; baseline 0.001 -22"><span class='ocrx_word' id='word_1_192' title='bbox 56 1937 156 2024; x_wconf 90' lang='lat' dir='ltr'><em>enim,</em></span> <span class='ocrx_word' id='word_1_193' title='bbox 187 1938 243 2023; x_wconf 93' lang='lat' dir='ltr'><em>qui</em></span> <span class='ocrx_word' id='word_1_194' title='bbox 272 1938 356 2021; x_wconf 86' lang='lat' dir='ltr'><em>tales</em></span> <span class='ocrx_word' id='word_1_195' title='bbox 388 1960 458 2003; x_wconf 90' lang='lat' dir='ltr'><em>esse</em></span> <span class='ocrx_word' id='word_1_196' title='bbox 481 1939 624 2003; x_wconf 90' lang='lat' dir='ltr'><em>nondum</em></span> <span class='ocrx_word' id='word_1_197' title='bbox 648 1943 800 2023; x_wconf 89' lang='lat' dir='ltr'><em>possunt,</em></span> <span class='ocrx_word' id='word_1_198' title='bbox 823 1938 967 2023; x_wconf 91' lang='lat' dir='ltr'><em>oppositi</em></span> <span class='ocrx_word' id='word_1_199' title='bbox 992 1944 1068 2003; x_wconf 89' lang='lat' dir='ltr'><em>sunt</em></span> <span class='ocrx_word' id='word_1_200' title='bbox 1091 1943 1125 2004; x_wconf 92' lang='lat' dir='ltr'><em>et</em></span> <span class='ocrx_word' id='word_1_201' title='bbox 1146 1939 1267 2004; x_wconf 88' lang='lat' dir='ltr'><em>hiroosi</em></span> <span class='ocrx_word' id='word_1_202' title='bbox 1291 1944 1325 2003; x_wconf 90' lang='lat' dir='ltr'><em>et</em></span> <span class='ocrx_word' id='word_1_203' title='bbox 1346 1938 1458 2024; x_wconf 86' lang='lat' dir='ltr'><em>pilosi,</em></span> <span class='ocrx_word' id='word_1_204' title='bbox 1483 1939 1546 2005; x_wconf 87' lang='lat' dir='ltr'><em>etsi</em></span> <span class='ocrx_word' id='word_1_205' title='bbox 1568 1961 1634 2004; x_wconf 90' lang='lat' dir='ltr'><em>non</em></span> <span class='ocrx_word' id='word_1_206' title='bbox 1658 1962 1770 2004; x_wconf 86' lang='lat' dir='ltr'><em>ornnes</em></span> <span class='ocrx_word' id='word_1_207' title='bbox 1795 1962 1812 2003; x_wconf 90' lang='lat' dir='ltr'><em>e</em></span> 
     </span>
     <span class='ocr_line' id='line_1_18' title="bbox 54 2045 1812 2132; baseline 0.001 -24"><span class='ocrx_word' id='word_1_208' title='bbox 54 2045 163 2129; x_wconf 89' lang='lat' dir='ltr'><em>pueris</em></span> <span class='ocrx_word' id='word_1_209' title='bbox 187 2064 336 2129; x_wconf 88' lang='lat' dir='ltr'><em>egressos</em></span> <span class='ocrx_word' id='word_1_210' title='bbox 359 2045 505 2110; x_wconf 83' lang='lat' dir='ltr'><em>hircosus</em></span> <span class='ocrx_word' id='word_1_211' title='bbox 529 2051 562 2110; x_wconf 93' lang='lat' dir='ltr'><em>et</em></span> <span class='ocrx_word' id='word_1_212' title='bbox 581 2045 703 2130; x_wconf 88' lang='lat' dir='ltr'><em>pilosos</em></span> <span class='ocrx_word' id='word_1_213' title='bbox 730 2067 800 2109; x_wconf 89' lang='lat' dir='ltr'><em>esse</em></span> <span class='ocrx_word' id='word_1_214' title='bbox 823 2067 953 2110; x_wconf 89' lang='lat' dir='ltr'><em>necesse</em></span> <span class='ocrx_word' id='word_1_215' title='bbox 978 2051 1036 2111; x_wconf 90' lang='lat' dir='ltr'><em>est.</em></span> <span class='ocrx_word' id='word_1_216' title='bbox 1083 2045 1252 2111; x_wconf 78' lang='lat' dir='ltr'><em>Sententia</em></span> <span class='ocrx_word' id='word_1_217' title='bbox 1270 2046 1373 2130; x_wconf 86' lang='lat' dir='ltr'><em>igitur</em></span> <span class='ocrx_word' id='word_1_218' title='bbox 1392 2050 1454 2111; x_wconf 89' lang='lat' dir='ltr'><em>est:</em></span> <span class='ocrx_word' id='word_1_219' title='bbox 1484 2048 1565 2127; x_wconf 86' lang='lat' dir='ltr'><em>qnod</em></span> <span class='ocrx_word' id='word_1_220' title='bbox 1581 2047 1722 2132; x_wconf 79' lang='lat' dir='ltr'><em>hircosis,</em></span> <span class='ocrx_word' id='word_1_221' title='bbox 1744 2069 1812 2112; x_wconf 91' lang='lat' dir='ltr'><em>enm</em></span> 
     </span>
     <span class='ocr_line' id='line_1_19' title="bbox 56 2152 1812 2238; baseline 0.001 -23"><span class='ocrx_word' id='word_1_222' title='bbox 56 2152 145 2216; x_wconf 74' lang='lat' dir='ltr'><em>lineet</em></span> <span class='ocrx_word' id='word_1_223' title='bbox 166 2152 321 2236; x_wconf 76' lang='lat' dir='ltr'><em>parentia,</em></span> <span class='ocrx_word' id='word_1_224' title='bbox 352 2173 415 2217; x_wconf 92' lang='lat' dir='ltr'><em>non</em></span> <span class='ocrx_word' id='word_1_225' title='bbox 444 2154 510 2217; x_wconf 81' lang='lat' dir='ltr'><em>iem</em></span> <span class='ocrx_word' id='word_1_226' title='bbox 540 2153 619 2237; x_wconf 77' lang='lat' dir='ltr'><em>lieet,</em></span> <span class='ocrx_word' id='word_1_227' title='bbox 643 2153 755 2235; x_wconf 74' lang='lat' dir='ltr'><em>pitens</em></span> <span class='ocrx_word' id='word_1_228' title='bbox 783 2174 852 2217; x_wconf 83' lang='lat' dir='ltr'><em>cero</em></span> <span class='ocrx_word' id='word_1_229' title='bbox 882 2158 925 2217; x_wconf 87' lang='lat' dir='ltr'><em>cst</em></span> <span class='ocrx_word' id='word_1_230' title='bbox 955 2158 1048 2236; x_wconf 79' lang='lat' dir='ltr'><em>tnrpe.</em></span> <span class='ocrx_word' id='word_1_231' title='bbox 1095 2153 1218 2218; x_wconf 89' lang='lat' dir='ltr'><em>Idcirco</em></span> <span class='ocrx_word' id='word_1_232' title='bbox 1243 2158 1353 2217; x_wconf 87' lang='lat' dir='ltr'><em>autem</em></span> <span class='ocrx_word' id='word_1_233' title='bbox 1376 2152 1513 2217; x_wconf 86' lang='lat' dir='ltr'><em>hircosis</em></span> <span class='ocrx_word' id='word_1_234' title='bbox 1538 2159 1694 2218; x_wconf 88' lang='lat' dir='ltr'><em>nontam</em></span> <span class='ocrx_word' id='word_1_235' title='bbox 1717 2157 1812 2238; x_wconf 86' lang='lat' dir='ltr'><em>turpe</em></span> 
     </span>
     <span class='ocr_line' id='line_1_20' title="bbox 56 2258 1201 2344; baseline 0 -22"><span class='ocrx_word' id='word_1_236' title='bbox 56 2281 153 2343; x_wconf 90' lang='lat' dir='ltr'><em>quam</em></span> <span class='ocrx_word' id='word_1_237' title='bbox 177 2281 285 2324; x_wconf 90' lang='lat' dir='ltr'><em>serum</em></span> <span class='ocrx_word' id='word_1_238' title='bbox 309 2281 379 2325; x_wconf 88' lang='lat' dir='ltr'><em>esse</em></span> <span class='ocrx_word' id='word_1_239' title='bbox 404 2258 534 2344; x_wconf 89' lang='lat' dir='ltr'><em>dicitur,</em></span> <span class='ocrx_word' id='word_1_240' title='bbox 559 2259 644 2344; x_wconf 91' lang='lat' dir='ltr'><em>quod</em></span> <span class='ocrx_word' id='word_1_241' title='bbox 668 2259 718 2323; x_wconf 92' lang='lat' dir='ltr'><em>illi</em></span> <span class='ocrx_word' id='word_1_242' title='bbox 740 2259 783 2322; x_wconf 78' lang='lat' dir='ltr'><em>&#39;ab</em></span> <span class='ocrx_word' id='word_1_243' title='bbox 807 2259 957 2323; x_wconf 87' lang='lat' dir='ltr'><em>omnibus</em></span> <span class='ocrx_word' id='word_1_244' title='bbox 981 2259 1201 2344; x_wconf 88' lang='lat' dir='ltr'><em>repudiantur.</em></span> 
     </span>
    </p>
   </div>
   <div class='ocr_carea' id='block_1_5' title="bbox 24 2391 1811 3450">
    <p class='ocr_par' dir='ltr' id='par_1_5' title="bbox 24 2391 1811 3450">
     <span class='ocr_line' id='line_1_21' title="bbox 216 2391 1811 2486; baseline 0.003 -21"><span class='ocrx_word' id='word_1_245' title='bbox 216 2403 245 2466; x_wconf 76' lang='lat' dir='ltr'><em>t.</em></span> <span class='ocrx_word' id='word_1_246' title='bbox 268 2401 314 2468; x_wconf 90' lang='lat' dir='ltr'><em>Ut</em></span> <span class='ocrx_word' id='word_1_247' title='bbox 336 2400 565 2466; x_wconf 85' lang='lat' dir='ltr'><em>Friedlaender</em></span> <span class='ocrx_word' id='word_1_248' title='bbox 594 2400 722 2486; x_wconf 79' lang='grc' dir='ltr'>ΙΧ,47,</span> <span class='ocrx_word' id='word_1_249' title='bbox 736 2401 770 2485; x_wconf 86' lang='lat'><em>5,</em></span> <span class='ocrx_word' id='word_1_250' title='bbox 793 2401 841 2465; x_wconf 82' lang='lat' dir='ltr'><em>Ita</em></span> <span class='ocrx_word' id='word_1_251' title='bbox 871 2398 1133 2467; x_wconf 83' lang='lat' dir='ltr'><em>Schneidewinus</em></span> <span class='ocrx_word' id='word_1_252' title='bbox 1157 2401 1225 2479; x_wconf 83' lang='lat'>111,</span> <span class='ocrx_word' id='word_1_253' title='bbox 1246 2402 1331 2475; x_wconf 83' lang='lat'>95‚4</span> <span class='ocrx_word' id='word_1_254' title='bbox 1357 2403 1611 2486; x_wconf 89' lang='lat' dir='ltr'><em>interpolatione</em></span> <span class='ocrx_word' id='word_1_255' title='bbox 1641 2404 1761 2468; x_wconf 90' lang='lat' dir='ltr'><em>codicis</em></span> <span class='ocrx_word' id='word_1_256' title='bbox 1787 2391 1811 2469; x_wconf 80' lang='lat' dir='ltr'>C</span> 
     </span>
     <span class='ocr_line' id='line_1_22' title="bbox 56 2507 1810 2595; baseline -0.002 -20"><span class='ocrx_word' id='word_1_257' title='bbox 56 2509 209 2594; x_wconf 88' lang='lat' dir='ltr'><em>deceptus</em></span> <span class='ocrx_word' id='word_1_258' title='bbox 240 2513 304 2595; x_wconf 88' lang='lat' dir='ltr'><em>est,</em></span> <span class='ocrx_word' id='word_1_259' title='bbox 335 2509 424 2573; x_wconf 86' lang='lat' dir='ltr'><em>cuius</em></span> <span class='ocrx_word' id='word_1_260' title='bbox 455 2508 609 2572; x_wconf 90' lang='lat' dir='ltr'><em>librarius</em></span> <span class='ocrx_word' id='word_1_261' title='bbox 641 2507 760 2572; x_wconf 83' lang='lat' dir='ltr'><em>vitium</em></span> <span class='ocrx_word' id='word_1_262' title='bbox 791 2508 824 2572; x_wconf 92' lang='lat' dir='ltr'><em>in</em></span> <span class='ocrx_word' id='word_1_263' title='bbox 856 2507 922 2572; x_wconf 89' lang='lat' dir='ltr'><em>XA</em></span> <span class='ocrx_word' id='word_1_264' title='bbox 954 2514 1120 2573; x_wconf 86' lang='lat' dir='ltr'><em>servatum</em></span> <span class='ocrx_word' id='word_1_265' title='bbox 1153 2513 1349 2574; x_wconf 81' lang='lat' dir='ltr'><em>correxerat:</em></span> <span class='ocrx_word' id='word_1_266' title='bbox 1388 2508 1475 2573; x_wconf 87' lang='lat' dir='ltr'><em>Nam</em></span> <span class='ocrx_word' id='word_1_267' title='bbox 1502 2515 1579 2591; x_wconf 87' lang='lat' dir='ltr'><em>pnto</em></span> <span class='ocrx_word' id='word_1_268' title='bbox 1612 2532 1664 2574; x_wconf 88' lang='lat' dir='ltr'><em>me</em></span> <span class='ocrx_word' id='word_1_269' title='bbox 1695 2512 1810 2594; x_wconf 78' lang='lat' dir='ltr'><em>metior,</em></span> 
     </span>
     <span class='ocr_line' id='line_1_23' title="bbox 56 2612 1810 2702; baseline 0.002 -26"><span class='ocrx_word' id='word_1_270' title='bbox 56 2613 203 2702; x_wconf 85' lang='lat' dir='ltr'><em>Naenete,</em></span> <span class='ocrx_word' id='word_1_271' title='bbox 224 2637 278 2680; x_wconf 88' lang='lat' dir='ltr'><em>nee</em></span> <span class='ocrx_word' id='word_1_272' title='bbox 300 2617 392 2698; x_wconf 77' lang='lat' dir='ltr'><em>prior</em></span> <span class='ocrx_word' id='word_1_273' title='bbox 414 2636 453 2680; x_wconf 84' lang='lat' dir='ltr'><em>es.</em></span> <span class='ocrx_word' id='word_1_274' title='bbox 499 2613 552 2680; x_wconf 83' lang='lat' dir='ltr'><em>Sic</em></span> <span class='ocrx_word' id='word_1_275' title='bbox 576 2612 601 2678; x_wconf 81' lang='grc' dir='ltr'>Ο</span> <span class='ocrx_word' id='word_1_276' title='bbox 626 2619 754 2680; x_wconf 89' lang='lat' dir='ltr'><em>secutus</em></span> <span class='ocrx_word' id='word_1_277' title='bbox 787 2613 1062 2701; x_wconf 83' lang='lat' dir='ltr'><em>Schneidewinus,</em></span> <span class='ocrx_word' id='word_1_278' title='bbox 1091 2616 1264 2702; x_wconf 84' lang='lat' dir='ltr'><em>negatione</em></span> <span class='ocrx_word' id='word_1_279' title='bbox 1294 2616 1328 2680; x_wconf 90' lang='lat' dir='ltr'><em>in</em></span> <span class='ocrx_word' id='word_1_280' title='bbox 1357 2616 1465 2700; x_wconf 91' lang='lat' dir='ltr'><em>priore</em></span> <span class='ocrx_word' id='word_1_281' title='bbox 1495 2617 1691 2701; x_wconf 86' lang='lat' dir='ltr'><em>pentametri</em></span> <span class='ocrx_word' id='word_1_282' title='bbox 1718 2621 1810 2701; x_wconf 88' lang='lat' dir='ltr'><em>parte</em></span> 
     </span>
     <span class='ocr_line' id='line_1_24' title="bbox 55 2707 1811 2807; baseline 0.001 -22"><span class='ocrx_word' id='word_1_283' title='bbox 55 2723 173 2788; x_wconf 91' lang='lat' dir='ltr'><em>vitiose</em></span> <span class='ocrx_word' id='word_1_284' title='bbox 198 2723 332 2806; x_wconf 73' lang='lat' dir='ltr'><em>omissa,</em></span> <span class='ocrx_word' id='word_1_285' title='bbox 364 2722 462 2806; x_wconf 88' lang='lat' dir='ltr'><em>longe</em></span> <span class='ocrx_word' id='word_1_286' title='bbox 485 2723 571 2787; x_wconf 91' lang='lat' dir='ltr'><em>enim</em></span> <span class='ocrx_word' id='word_1_287' title='bbox 596 2722 702 2785; x_wconf 88' lang='lat' dir='ltr'><em>aliena</em></span> <span class='ocrx_word' id='word_1_288' title='bbox 732 2725 822 2805; x_wconf 91' lang='lat' dir='ltr'><em>sunt,</em></span> <span class='ocrx_word' id='word_1_289' title='bbox 845 2744 926 2806; x_wconf 91' lang='lat' dir='ltr'><em>quae</em></span> <span class='ocrx_word' id='word_1_290' title='bbox 950 2720 1014 2807; x_wconf 95' lang='lat' dir='ltr'>III,</span> <span class='ocrx_word' id='word_1_291' title='bbox 1029 2724 1098 2806; x_wconf 80' lang='grc'><em>8,2</em></span> <span class='ocrx_word' id='word_1_292' title='bbox 1123 2728 1156 2787; x_wconf 92' lang='lat' dir='ltr'><em>et</em></span> <span class='ocrx_word' id='word_1_293' title='bbox 1177 2707 1240 2806; x_wconf 91' lang='lat' dir='ltr'>III,</span> <span class='ocrx_word' id='word_1_294' title='bbox 1255 2723 1343 2806; x_wconf 81' lang='lat' dir='ltr'>2I,4</span> <span class='ocrx_word' id='word_1_295' title='bbox 1366 2723 1521 2807; x_wconf 88' lang='lat' dir='ltr'><em>leguntur</em></span> <span class='ocrx_word' id='word_1_296' title='bbox 1543 2723 1668 2806; x_wconf 87' lang='lat' dir='ltr'><em>(Unnm</em></span> <span class='ocrx_word' id='word_1_297' title='bbox 1690 2724 1811 2787; x_wconf 80' lang='lat' dir='ltr'><em>ocednm</em></span> 
     </span>
     <span class='ocr_line' id='line_1_25' title="bbox 58 2828 1810 2916; baseline 0 -22"><span class='ocrx_word' id='word_1_298' title='bbox 58 2829 154 2894; x_wconf 79' lang='lat' dir='ltr'><em>Tbnts</em></span> <span class='ocrx_word' id='word_1_299' title='bbox 182 2851 254 2894; x_wconf 92' lang='lat' dir='ltr'><em>non</em></span> <span class='ocrx_word' id='word_1_300' title='bbox 280 2830 396 2914; x_wconf 81' lang='lat' dir='ltr'><em>babet,</em></span> <span class='ocrx_word' id='word_1_301' title='bbox 426 2830 478 2894; x_wconf 87' lang='lat' dir='ltr'><em>dle</em></span> <span class='ocrx_word' id='word_1_302' title='bbox 501 2830 584 2894; x_wconf 84' lang='lat' dir='ltr'><em>dens.</em></span> <span class='ocrx_word' id='word_1_303' title='bbox 629 2829 675 2892; x_wconf 86' lang='lat' dir='ltr'><em>Et</em></span> <span class='ocrx_word' id='word_1_304' title='bbox 702 2828 780 2891; x_wconf 81' lang='lat' dir='ltr'><em>meld</em></span> <span class='ocrx_word' id='word_1_305' title='bbox 808 2849 859 2891; x_wconf 84' lang='lat' dir='ltr'><em>eor</em></span> <span class='ocrx_word' id='word_1_306' title='bbox 885 2848 957 2892; x_wconf 90' lang='lat' dir='ltr'><em>non</em></span> <span class='ocrx_word' id='word_1_307' title='bbox 987 2835 1040 2893; x_wconf 87' lang='lat' dir='ltr'><em>est</em></span> <span class='ocrx_word' id='word_1_308' title='bbox 1067 2834 1095 2893; x_wconf 92' lang='lat' dir='ltr'><em>et</em></span> <span class='ocrx_word' id='word_1_309' title='bbox 1123 2831 1190 2912; x_wconf 82' lang='lat' dir='ltr'><em>tibi,</em></span> <span class='ocrx_word' id='word_1_310' title='bbox 1215 2829 1318 2914; x_wconf 77' lang='lat' dir='ltr'><em>Galle,</em></span> <span class='ocrx_word' id='word_1_311' title='bbox 1342 2830 1473 2913; x_wconf 80' lang='lat' dir='ltr'><em>pudor),</em></span> <span class='ocrx_word' id='word_1_312' title='bbox 1503 2830 1560 2893; x_wconf 91' lang='lat' dir='ltr'><em>ubi</em></span> <span class='ocrx_word' id='word_1_313' title='bbox 1584 2852 1657 2894; x_wconf 91' lang='lat' dir='ltr'><em>cum</em></span> <span class='ocrx_word' id='word_1_314' title='bbox 1679 2831 1810 2916; x_wconf 88' lang='lat' dir='ltr'><em>negatio</em></span> 
     </span>
     <span class='ocr_line' id='line_1_26' title="bbox 56 2935 1811 3022; baseline 0 -22"><span class='ocrx_word' id='word_1_315' title='bbox 56 2941 126 3001; x_wconf 89' lang='lat' dir='ltr'><em>arte</em></span> <span class='ocrx_word' id='word_1_316' title='bbox 150 2959 222 3001; x_wconf 91' lang='lat' dir='ltr'><em>cum</em></span> <span class='ocrx_word' id='word_1_317' title='bbox 252 2937 360 3001; x_wconf 85' lang='lat' dir='ltr'><em>verbis</em></span> <span class='ocrx_word' id='word_1_318' title='bbox 389 2936 478 3000; x_wconf 79' lang='lat' dir='ltr'><em>hebet</em></span> <span class='ocrx_word' id='word_1_319' title='bbox 507 2940 540 3001; x_wconf 93' lang='lat' dir='ltr'><em>et</em></span> <span class='ocrx_word' id='word_1_320' title='bbox 569 2941 613 3000; x_wconf 90' lang='lat' dir='ltr'><em>est</em></span> <span class='ocrx_word' id='word_1_321' title='bbox 643 2935 872 3018; x_wconf 83' lang='lat' dir='ltr'><em>coniungatur,</em></span> <span class='ocrx_word' id='word_1_322' title='bbox 903 2936 938 2999; x_wconf 92' lang='lat' dir='ltr'><em>in</em></span> <span class='ocrx_word' id='word_1_323' title='bbox 961 2936 1066 3001; x_wconf 91' lang='lat' dir='ltr'><em>altera</em></span> <span class='ocrx_word' id='word_1_324' title='bbox 1088 2959 1201 3001; x_wconf 87' lang='lat' dir='ltr'><em>versus</em></span> <span class='ocrx_word' id='word_1_325' title='bbox 1225 2942 1317 3022; x_wconf 90' lang='lat' dir='ltr'><em>parte</em></span> <span class='ocrx_word' id='word_1_326' title='bbox 1339 2958 1406 3001; x_wconf 91' lang='lat' dir='ltr'><em>non</em></span> <span class='ocrx_word' id='word_1_327' title='bbox 1428 2936 1528 3020; x_wconf 80' lang='lat' dir='ltr'><em>babet,</em></span> <span class='ocrx_word' id='word_1_328' title='bbox 1552 2937 1608 3001; x_wconf 91' lang='lat' dir='ltr'><em>sed</em></span> <span class='ocrx_word' id='word_1_329' title='bbox 1631 2938 1811 3022; x_wconf 81' lang='lat' dir='ltr'><em>nonhabet,</em></span> 
     </span>
     <span class='ocr_line' id='line_1_27' title="bbox 24 3024 1810 3128; baseline 0.001 -21"><span class='ocrx_word' id='word_1_330' title='bbox 24 3086 25 3090; x_wconf 57' lang='lat'><em>=</em></span> <span class='ocrx_word' id='word_1_331' title='bbox 55 3065 122 3107; x_wconf 90' lang='lat' dir='ltr'><em>non</em></span> <span class='ocrx_word' id='word_1_332' title='bbox 143 3048 198 3127; x_wconf 80' lang='lat' dir='ltr'><em>est,</em></span> <span class='ocrx_word' id='word_1_333' title='bbox 222 3042 278 3107; x_wconf 90' lang='lat' dir='ltr'><em>sed</em></span> <span class='ocrx_word' id='word_1_334' title='bbox 300 3065 363 3108; x_wconf 93' lang='lat' dir='ltr'><em>non</em></span> <span class='ocrx_word' id='word_1_335' title='bbox 385 3048 429 3108; x_wconf 88' lang='lat' dir='ltr'><em>est</em></span> <span class='ocrx_word' id='word_1_336' title='bbox 450 3044 629 3128; x_wconf 91' lang='lat' dir='ltr'><em>suppletur.</em></span> <span class='ocrx_word' id='word_1_337' title='bbox 647 3079 688 3088; x_wconf 92' lang='lat'>-</span> <span class='ocrx_word' id='word_1_338' title='bbox 710 3041 922 3108; x_wconf 84' lang='lat' dir='ltr'><em>Scribendum</em></span> <span class='ocrx_word' id='word_1_339' title='bbox 946 3047 997 3106; x_wconf 90' lang='lat' dir='ltr'><em>est</em></span> <span class='ocrx_word' id='word_1_340' title='bbox 1020 3065 1092 3108; x_wconf 89' lang='lat' dir='ltr'><em>curn</em></span> <span class='ocrx_word' id='word_1_341' title='bbox 1117 3024 1276 3109; x_wconf 81' lang='lat' dir='ltr'><em>Scriverio</em></span> <span class='ocrx_word' id='word_1_342' title='bbox 1296 3065 1360 3109; x_wconf 90' lang='lat' dir='ltr'><em>nee</em></span> <span class='ocrx_word' id='word_1_343' title='bbox 1381 3044 1500 3127; x_wconf 77' lang='lat' dir='ltr'><em>melior,</em></span> <span class='ocrx_word' id='word_1_344' title='bbox 1525 3043 1611 3127; x_wconf 92' lang='lat' dir='ltr'><em>quod</em></span> <span class='ocrx_word' id='word_1_345' title='bbox 1630 3065 1701 3108; x_wconf 82' lang='lat' dir='ltr'><em>non</em></span> <span class='ocrx_word' id='word_1_346' title='bbox 1714 3045 1810 3109; x_wconf 91' lang='lat' dir='ltr'><em>modo</em></span> 
     </span>
     <span class='ocr_line' id='line_1_28' title="bbox 55 3148 1811 3238; baseline 0.001 -25"><span class='ocrx_word' id='word_1_347' title='bbox 55 3151 90 3215; x_wconf 90' lang='lat' dir='ltr'><em>in</em></span> <span class='ocrx_word' id='word_1_348' title='bbox 113 3149 196 3219; x_wconf 76' lang='lat' dir='ltr'><em>Tet</em></span> <span class='ocrx_word' id='word_1_349' title='bbox 219 3149 245 3212; x_wconf 94' lang='lat' dir='ltr'>P</span> <span class='ocrx_word' id='word_1_350' title='bbox 268 3155 388 3235; x_wconf 82' lang='lat' dir='ltr'><em>exstat,</em></span> <span class='ocrx_word' id='word_1_351' title='bbox 411 3149 481 3236; x_wconf 90' lang='lat' dir='ltr'><em>sed,</em></span> <span class='ocrx_word' id='word_1_352' title='bbox 510 3154 548 3214; x_wconf 92' lang='lat' dir='ltr'><em>ut</em></span> <span class='ocrx_word' id='word_1_353' title='bbox 577 3150 718 3238; x_wconf 82' lang='lat' dir='ltr'><em>¹ridetur,</em></span> <span class='ocrx_word' id='word_1_354' title='bbox 748 3150 782 3213; x_wconf 90' lang='lat' dir='ltr'><em>in</em></span> <span class='ocrx_word' id='word_1_355' title='bbox 812 3148 915 3233; x_wconf 91' lang='lat' dir='ltr'><em>ipsius</em></span> <span class='ocrx_word' id='word_1_356' title='bbox 946 3148 1090 3215; x_wconf 85' lang='lat' dir='ltr'><em>familiae</em></span> <span class='ocrx_word' id='word_1_357' title='bbox 1122 3149 1166 3215; x_wconf 65' lang='lat'><em>0⁶</em></span> <span class='ocrx_word' id='word_1_358' title='bbox 1189 3151 1282 3215; x_wconf 87' lang='lat' dir='ltr'><em>libris</em></span> <span class='ocrx_word' id='word_1_359' title='bbox 1311 3149 1338 3214; x_wconf 93' lang='grc' dir='ltr'>Β</span> <span class='ocrx_word' id='word_1_360' title='bbox 1370 3155 1403 3214; x_wconf 89' lang='lat' dir='ltr'><em>et</em></span> <span class='ocrx_word' id='word_1_361' title='bbox 1428 3149 1464 3215; x_wconf 80' lang='lat' dir='ltr'><em>G.</em></span> <span class='ocrx_word' id='word_1_362' title='bbox 1521 3148 1587 3213; x_wconf 87' lang='grc' dir='ltr'><em>ΧΑ</em></span> <span class='ocrx_word' id='word_1_363' title='bbox 1617 3150 1739 3214; x_wconf 92' lang='lat' dir='ltr'><em>habent</em></span> <span class='ocrx_word' id='word_1_364' title='bbox 1769 3171 1811 3214; x_wconf 91' lang='lat' dir='ltr'><em>ne</em></span> 
     </span>
     <span class='ocr_line' id='line_1_29' title="bbox 55 3255 1811 3342; baseline -0.001 -19"><span class='ocrx_word' id='word_1_365' title='bbox 55 3258 175 3342; x_wconf 82' lang='lat' dir='ltr'><em>melier,</em></span> <span class='ocrx_word' id='word_1_366' title='bbox 205 3257 327 3321; x_wconf 89' lang='lat' dir='ltr'><em>omissa</em></span> <span class='ocrx_word' id='word_1_367' title='bbox 349 3279 365 3321; x_wconf 89' lang='lat' dir='ltr'><em>e</em></span> <span class='ocrx_word' id='word_1_368' title='bbox 387 3256 512 3342; x_wconf 71' lang='lat' dir='ltr'><em>littera,</em></span> <span class='ocrx_word' id='word_1_369' title='bbox 541 3256 691 3340; x_wconf 90' lang='lat' dir='ltr'><em>idemque</em></span> <span class='ocrx_word' id='word_1_370' title='bbox 721 3255 891 3319; x_wconf 89' lang='lat' dir='ltr'><em>librarium</em></span> <span class='ocrx_word' id='word_1_371' title='bbox 922 3256 1041 3322; x_wconf 88' lang='lat' dir='ltr'><em>codicis</em></span> <span class='ocrx_word' id='word_1_372' title='bbox 1066 3256 1091 3322; x_wconf 80' lang='lat' dir='ltr'>O</span> <span class='ocrx_word' id='word_1_373' title='bbox 1121 3257 1156 3321; x_wconf 92' lang='lat' dir='ltr'><em>in</em></span> <span class='ocrx_word' id='word_1_374' title='bbox 1185 3257 1361 3341; x_wconf 86' lang='lat' dir='ltr'><em>archetypo</em></span> <span class='ocrx_word' id='word_1_375' title='bbox 1385 3256 1519 3342; x_wconf 88' lang='lat' dir='ltr'><em>legisse,</em></span> <span class='ocrx_word' id='word_1_376' title='bbox 1543 3257 1598 3320; x_wconf 91' lang='lat' dir='ltr'><em>sed</em></span> <span class='ocrx_word' id='word_1_377' title='bbox 1623 3278 1681 3321; x_wconf 90' lang='lat' dir='ltr'><em>suo</em></span> <span class='ocrx_word' id='word_1_378' title='bbox 1704 3256 1811 3323; x_wconf 88' lang='lat' dir='ltr'><em>Marte</em></span> 
     </span>
     <span class='ocr_line' id='line_1_30' title="bbox 56 3361 609 3450; baseline -0.005 -20"><span class='ocrx_word' id='word_1_379' title='bbox 56 3365 233 3430; x_wconf 86' lang='lat' dir='ltr'><em>correxisse</em></span> <span class='ocrx_word' id='word_1_380' title='bbox 256 3364 338 3428; x_wconf 91' lang='lat' dir='ltr'><em>mihi</em></span> <span class='ocrx_word' id='word_1_381' title='bbox 362 3368 485 3429; x_wconf 89' lang='lat' dir='ltr'><em>certum</em></span> <span class='ocrx_word' id='word_1_382' title='bbox 510 3361 609 3450; x_wconf 80' lang='lat' dir='ltr'><em>est.1⁵)</em></span> 
     </span>
    </p>
   </div>
   <div class='ocr_carea' id='block_1_6' title="bbox 56 3505 1847 4340">
    <p class='ocr_par' dir='ltr' id='par_1_6' title="bbox 56 3505 1847 4340">
     <span class='ocr_line' id='line_1_31' title="bbox 216 3505 1811 3590; baseline -0.001 -18"><span class='ocrx_word' id='word_1_383' title='bbox 216 3507 257 3572; x_wconf 90' lang='lat' dir='ltr'>II.</span> <span class='ocrx_word' id='word_1_384' title='bbox 280 3506 346 3572; x_wconf 91' lang='lat' dir='ltr'><em>Ubi</em></span> <span class='ocrx_word' id='word_1_385' title='bbox 369 3507 445 3572; x_wconf 91' lang='lat' dir='ltr'><em>libri</em></span> <span class='ocrx_word' id='word_1_386' title='bbox 466 3506 610 3570; x_wconf 88' lang='lat' dir='ltr'><em>familiae</em></span> <span class='ocrx_word' id='word_1_387' title='bbox 632 3507 659 3570; x_wconf 89' lang='lat' dir='ltr'><strong>A</strong></span> <span class='ocrx_word' id='word_1_388' title='bbox 684 3529 742 3571; x_wconf 90' lang='lat' dir='ltr'><em>nos</em></span> <span class='ocrx_word' id='word_1_389' title='bbox 767 3505 931 3587; x_wconf 90' lang='lat' dir='ltr'><em>deficiunt,</em></span> <span class='ocrx_word' id='word_1_390' title='bbox 955 3527 1019 3569; x_wconf 89' lang='lat' dir='ltr'><em>non</em></span> <span class='ocrx_word' id='word_1_391' title='bbox 1038 3507 1177 3571; x_wconf 84' lang='lat' dir='ltr'><em>multum</em></span> <span class='ocrx_word' id='word_1_392' title='bbox 1202 3505 1409 3570; x_wconf 86' lang='lat' dir='ltr'><em>tribuendum</em></span> <span class='ocrx_word' id='word_1_393' title='bbox 1432 3509 1482 3569; x_wconf 90' lang='lat' dir='ltr'><em>est</em></span> <span class='ocrx_word' id='word_1_394' title='bbox 1506 3505 1644 3590; x_wconf 89' lang='lat' dir='ltr'><em>singulis</em></span> <span class='ocrx_word' id='word_1_395' title='bbox 1667 3505 1811 3570; x_wconf 85' lang='lat' dir='ltr'><em>familiae</em></span> 
     </span>
     <span class='ocr_line' id='line_1_32' title="bbox 58 3610 1811 3700; baseline -0.002 -20"><span class='ocrx_word' id='word_1_396' title='bbox 58 3613 102 3680; x_wconf 74' lang='lat'><em>0³</em></span> <span class='ocrx_word' id='word_1_397' title='bbox 125 3614 301 3700; x_wconf 87' lang='lat' dir='ltr'><em>codicibus,</em></span> <span class='ocrx_word' id='word_1_398' title='bbox 330 3614 357 3678; x_wconf 94' lang='lat' dir='ltr'><em>si</em></span> <span class='ocrx_word' id='word_1_399' title='bbox 386 3614 486 3679; x_wconf 90' lang='lat' dir='ltr'><em>ceteri</em></span> <span class='ocrx_word' id='word_1_400' title='bbox 510 3613 654 3678; x_wconf 87' lang='lat' dir='ltr'><em>eiusdem</em></span> <span class='ocrx_word' id='word_1_401' title='bbox 678 3613 824 3678; x_wconf 85' lang='lat' dir='ltr'><em>familiae</em></span> <span class='ocrx_word' id='word_1_402' title='bbox 849 3613 997 3696; x_wconf 90' lang='lat' dir='ltr'><em>eandem,</em></span> <span class='ocrx_word' id='word_1_403' title='bbox 1021 3634 1117 3696; x_wconf 91' lang='lat' dir='ltr'><em>quam</em></span> <span class='ocrx_word' id='word_1_404' title='bbox 1141 3612 1268 3677; x_wconf 88' lang='lat' dir='ltr'><em>familia</em></span> <span class='ocrx_word' id='word_1_405' title='bbox 1289 3611 1331 3696; x_wconf 90' lang='lat' dir='ltr'><em>B,</em></span> <span class='ocrx_word' id='word_1_406' title='bbox 1354 3612 1527 3677; x_wconf 88' lang='lat' dir='ltr'><em>lectionem</em></span> <span class='ocrx_word' id='word_1_407' title='bbox 1551 3611 1681 3677; x_wconf 90' lang='lat' dir='ltr'><em>habent.</em></span> <span class='ocrx_word' id='word_1_408' title='bbox 1725 3610 1811 3677; x_wconf 89' lang='lat' dir='ltr'><em>Nam</em></span> 
     </span>
     <span class='ocr_line' id='line_1_33' title="bbox 57 3715 1847 3812; baseline -0.002 -25"><span class='ocrx_word' id='word_1_409' title='bbox 57 3745 130 3787; x_wconf 89' lang='lat' dir='ltr'><em>cum</em></span> <span class='ocrx_word' id='word_1_410' title='bbox 153 3743 281 3806; x_wconf 90' lang='lat' dir='ltr'><em>semper</em></span> <span class='ocrx_word' id='word_1_411' title='bbox 303 3720 370 3785; x_wconf 86' lang='lat' dir='ltr'><em>fere</em></span> <span class='ocrx_word' id='word_1_412' title='bbox 394 3720 444 3785; x_wconf 92' lang='lat' dir='ltr'><em>illi</em></span> <span class='ocrx_word' id='word_1_413' title='bbox 468 3719 686 3805; x_wconf 86' lang='lat' dir='ltr'><em>(maximeque</em></span> <span class='ocrx_word' id='word_1_414' title='bbox 710 3716 825 3805; x_wconf 88' lang='lat' dir='ltr'><em>XAB)</em></span> <span class='ocrx_word' id='word_1_415' title='bbox 850 3719 884 3782; x_wconf 89' lang='lat' dir='ltr'><em>in</em></span> <span class='ocrx_word' id='word_1_416' title='bbox 907 3718 987 3803; x_wconf 90' lang='lat' dir='ltr'><em>ipsis</em></span> <span class='ocrx_word' id='word_1_417' title='bbox 1016 3719 1106 3782; x_wconf 90' lang='lat' dir='ltr'><em>vitiis</em></span> <span class='ocrx_word' id='word_1_418' title='bbox 1138 3719 1342 3784; x_wconf 86' lang='lat' dir='ltr'><em>consentiant</em></span> <span class='ocrx_word' id='word_1_419' title='bbox 1367 3715 1579 3803; x_wconf 81' lang='lat' dir='ltr'><em>(Schneidew.</em></span> <span class='ocrx_word' id='word_1_420' title='bbox 1598 3743 1628 3804; x_wconf 90' lang='lat' dir='ltr'><em>p.</em></span> <span class='ocrx_word' id='word_1_421' title='bbox 1649 3717 1812 3812; x_wconf 78' lang='lat' dir='ltr'><em>CXVIII),</em></span> <span class='ocrx_word' id='word_1_422' title='bbox 1845 3774 1847 3776; x_wconf 57' lang='grc'>,</span> 
     </span>
     <span class='ocr_line' id='line_1_34' title="bbox 56 3825 1812 3914; baseline -0.003 -19"><span class='ocrx_word' id='word_1_423' title='bbox 56 3830 120 3895; x_wconf 91' lang='lat' dir='ltr'><em>nisi</em></span> <span class='ocrx_word' id='word_1_424' title='bbox 139 3829 224 3914; x_wconf 91' lang='lat' dir='ltr'><em>quod</em></span> <span class='ocrx_word' id='word_1_425' title='bbox 243 3828 278 3892; x_wconf 91' lang='lat' dir='ltr'><em>in</em></span> <span class='ocrx_word' id='word_1_426' title='bbox 297 3825 322 3892; x_wconf 82' lang='lat' dir='ltr'><em>O</em></span> <span class='ocrx_word' id='word_1_427' title='bbox 347 3827 464 3891; x_wconf 88' lang='lat' dir='ltr'><em>menda</em></span> <span class='ocrx_word' id='word_1_428' title='bbox 487 3825 654 3911; x_wconf 86' lang='lat' dir='ltr'><em>archetypi</em></span> <span class='ocrx_word' id='word_1_429' title='bbox 675 3830 818 3890; x_wconf 89' lang='lat' dir='ltr'><em>correcta</em></span> <span class='ocrx_word' id='word_1_430' title='bbox 838 3831 914 3890; x_wconf 88' lang='lat' dir='ltr'><em>sunt</em></span> <span class='ocrx_word' id='word_1_431' title='bbox 933 3826 1029 3910; x_wconf 91' lang='lat' dir='ltr'><em>idque</em></span> <span class='ocrx_word' id='word_1_432' title='bbox 1048 3847 1122 3889; x_wconf 90' lang='lat' dir='ltr'><em>raro</em></span> <span class='ocrx_word' id='word_1_433' title='bbox 1141 3825 1182 3889; x_wconf 90' lang='lat' dir='ltr'><em>ad</em></span> <span class='ocrx_word' id='word_1_434' title='bbox 1201 3825 1385 3909; x_wconf 86' lang='lat' dir='ltr'><em>exemplum</em></span> <span class='ocrx_word' id='word_1_435' title='bbox 1404 3825 1488 3889; x_wconf 88' lang='lat' dir='ltr'><em>alins</em></span> <span class='ocrx_word' id='word_1_436' title='bbox 1507 3825 1598 3910; x_wconf 88' lang='lat' dir='ltr'><em>libri,</em></span> <span class='ocrx_word' id='word_1_437' title='bbox 1622 3826 1812 3910; x_wconf 88' lang='lat' dir='ltr'><em>saepissime</em></span> 
     </span>
     <span class='ocr_line' id='line_1_35' title="bbox 57 3928 1813 4021; baseline -0.002 -20"><span class='ocrx_word' id='word_1_438' title='bbox 57 3940 167 4001; x_wconf 89' lang='lat' dir='ltr'><em>autem</em></span> <span class='ocrx_word' id='word_1_439' title='bbox 190 3933 239 4021; x_wconf 85' lang='lat' dir='ltr'><em>(et</em></span> <span class='ocrx_word' id='word_1_440' title='bbox 262 3934 308 3998; x_wconf 90' lang='lat' dir='ltr'><em>sie</em></span> <span class='ocrx_word' id='word_1_441' title='bbox 331 3955 575 4016; x_wconf 87' lang='lat' dir='ltr'><em>nonnumquam</em></span> <span class='ocrx_word' id='word_1_442' title='bbox 599 3933 697 3997; x_wconf 87' lang='lat' dir='ltr'><em>etiam</em></span> <span class='ocrx_word' id='word_1_443' title='bbox 721 3932 755 3996; x_wconf 94' lang='lat' dir='ltr'><em>in</em></span> <span class='ocrx_word' id='word_1_444' title='bbox 778 3931 821 4017; x_wconf 83' lang='lat' dir='ltr'><em>B)</em></span> <span class='ocrx_word' id='word_1_445' title='bbox 846 3955 972 3996; x_wconf 89' lang='lat' dir='ltr'><em>summa</em></span> <span class='ocrx_word' id='word_1_446' title='bbox 996 3932 1188 3998; x_wconf 90' lang='lat' dir='ltr'><em>emendandi</em></span> <span class='ocrx_word' id='word_1_447' title='bbox 1215 3931 1348 3996; x_wconf 88' lang='lat' dir='ltr'><em>licentia</em></span> <span class='ocrx_word' id='word_1_448' title='bbox 1371 3928 1582 4017; x_wconf 81' lang='lat' dir='ltr'><em>(Schneidew.</em></span> <span class='ocrx_word' id='word_1_449' title='bbox 1601 3954 1632 4015; x_wconf 90' lang='lat' dir='ltr'><em>p.</em></span> <span class='ocrx_word' id='word_1_450' title='bbox 1650 3930 1813 4018; x_wconf 81' lang='lat' dir='ltr'>LXXIV),</span> 
     </span>
     <span class='ocr_line' id='line_1_36' title="bbox 58 4037 1812 4125; baseline -0.002 -18"><span class='ocrx_word' id='word_1_451' title='bbox 58 4043 200 4107; x_wconf 90' lang='lat' dir='ltr'><em>dubitari</em></span> <span class='ocrx_word' id='word_1_452' title='bbox 228 4063 294 4106; x_wconf 91' lang='lat' dir='ltr'><em>non</em></span> <span class='ocrx_word' id='word_1_453' title='bbox 325 4045 448 4125; x_wconf 86' lang='lat' dir='ltr'><em>potest,</em></span> <span class='ocrx_word' id='word_1_454' title='bbox 479 4040 569 4124; x_wconf 89' lang='lat' dir='ltr'><em>quin,</em></span> <span class='ocrx_word' id='word_1_455' title='bbox 601 4062 682 4124; x_wconf 89' lang='lat' dir='ltr'><em>quae</em></span> <span class='ocrx_word' id='word_1_456' title='bbox 713 4040 897 4104; x_wconf 88' lang='lat' dir='ltr'><em>communia</em></span> <span class='ocrx_word' id='word_1_457' title='bbox 928 4044 1002 4103; x_wconf 87' lang='lat' dir='ltr'><em>sunt</em></span> <span class='ocrx_word' id='word_1_458' title='bbox 1033 4045 1065 4104; x_wconf 92' lang='lat' dir='ltr'><em>et</em></span> <span class='ocrx_word' id='word_1_459' title='bbox 1095 4039 1240 4104; x_wconf 87' lang='lat' dir='ltr'><em>familiae</em></span> <span class='ocrx_word' id='word_1_460' title='bbox 1269 4037 1297 4102; x_wconf 93' lang='lat' dir='ltr'>B</span> <span class='ocrx_word' id='word_1_461' title='bbox 1328 4041 1361 4102; x_wconf 89' lang='lat' dir='ltr'><em>et</em></span> <span class='ocrx_word' id='word_1_462' title='bbox 1390 4037 1494 4123; x_wconf 88' lang='lat' dir='ltr'><em>partis</em></span> <span class='ocrx_word' id='word_1_463' title='bbox 1524 4037 1669 4103; x_wconf 87' lang='lat' dir='ltr'><em>familiae</em></span> <span class='ocrx_word' id='word_1_464' title='bbox 1698 4039 1750 4124; x_wconf 68' lang='lat'><em>0⁸,</em></span> <span class='ocrx_word' id='word_1_465' title='bbox 1779 4041 1812 4104; x_wconf 89' lang='lat' dir='ltr'><em>in</em></span> 
     </span>
     <span class='ocr_line' id='line_1_37' title="bbox 57 4143 1811 4234; baseline -0.003 -19"><span class='ocrx_word' id='word_1_466' title='bbox 57 4150 234 4234; x_wconf 88' lang='lat' dir='ltr'><em>archetypo</em></span> <span class='ocrx_word' id='word_1_467' title='bbox 259 4148 358 4213; x_wconf 88' lang='lat' dir='ltr'><em>etiam</em></span> <span class='ocrx_word' id='word_1_468' title='bbox 380 4146 524 4210; x_wconf 88' lang='lat' dir='ltr'><em>familiae</em></span> <span class='ocrx_word' id='word_1_469' title='bbox 550 4144 594 4210; x_wconf 66' lang='lat'><em>0⁸</em></span> <span class='ocrx_word' id='word_1_470' title='bbox 616 4145 745 4210; x_wconf 90' lang='lat' dir='ltr'><em>fuerint.</em></span> <span class='ocrx_word' id='word_1_471' title='bbox 790 4145 976 4210; x_wconf 84' lang='lat' dir='ltr'><em>Recensebo</em></span> <span class='ocrx_word' id='word_1_472' title='bbox 999 4168 1084 4211; x_wconf 89' lang='lat' dir='ltr'><em>nunc</em></span> <span class='ocrx_word' id='word_1_473' title='bbox 1108 4169 1162 4211; x_wconf 90' lang='lat' dir='ltr'><em>eos</em></span> <span class='ocrx_word' id='word_1_474' title='bbox 1185 4146 1288 4231; x_wconf 86' lang='lat' dir='ltr'><em>locos,</em></span> <span class='ocrx_word' id='word_1_475' title='bbox 1312 4145 1367 4209; x_wconf 93' lang='lat' dir='ltr'><em>ubi</em></span> <span class='ocrx_word' id='word_1_476' title='bbox 1388 4145 1473 4208; x_wconf 89' lang='lat' dir='ltr'><em>male</em></span> <span class='ocrx_word' id='word_1_477' title='bbox 1498 4143 1811 4210; x_wconf 83' lang='lat' dir='ltr'><em>Schneidewinus</em></span> 
     </span>
     <span class='ocr_line' id='line_1_38' title="bbox 57 4250 1134 4340; baseline -0.006 -18"><span class='ocrx_word' id='word_1_478' title='bbox 57 4279 171 4322; x_wconf 88' lang='lat' dir='ltr'><em>unum</em></span> <span class='ocrx_word' id='word_1_479' title='bbox 201 4275 392 4340; x_wconf 86' lang='lat' dir='ltr'><em>paucosve</em></span> <span class='ocrx_word' id='word_1_480' title='bbox 421 4252 596 4317; x_wconf 90' lang='lat' dir='ltr'><em>familiae</em></span> <span class='ocrx_word' id='word_1_481' title='bbox 628 4250 673 4317; x_wconf 68' lang='lat'><em>0³</em></span> <span class='ocrx_word' id='word_1_482' title='bbox 700 4251 851 4317; x_wconf 90' lang='lat' dir='ltr'><em>codices</em></span> <span class='ocrx_word' id='word_1_483' title='bbox 881 4257 1037 4318; x_wconf 90' lang='lat' dir='ltr'><em>secutus</em></span> <span class='ocrx_word' id='word_1_484' title='bbox 1069 4258 1134 4318; x_wconf 90' lang='lat' dir='ltr'><em>est.</em></span> 
     </span>
    </p>
   </div>
   <div class='ocr_carea' id='block_1_7' title="bbox 58 4392 1813 4591">
    <p class='ocr_par' dir='ltr' id='par_1_7' title="bbox 58 4392 1813 4591">
     <span class='ocr_line' id='line_1_39' title="bbox 220 4392 1813 4483; baseline -0.003 -20"><span class='ocrx_word' id='word_1_485' title='bbox 220 4400 246 4463; x_wconf 91' lang='lat'><em>1.</em></span> <span class='ocrx_word' id='word_1_486' title='bbox 269 4397 349 4477; x_wconf 85' lang='lat' dir='ltr'>XII,</span> <span class='ocrx_word' id='word_1_487' title='bbox 364 4395 394 4470; x_wconf 83' lang='grc'><em>3,</em></span> <span class='ocrx_word' id='word_1_488' title='bbox 410 4397 459 4456; x_wconf 83' lang='lat'><em>13:</em></span> <span class='ocrx_word' id='word_1_489' title='bbox 487 4396 575 4460; x_wconf 81' lang='lat' dir='ltr'><em>Fons</em></span> <span class='ocrx_word' id='word_1_490' title='bbox 597 4395 642 4458; x_wconf 78' lang='lat' dir='ltr'><em>dn</em></span> <span class='ocrx_word' id='word_1_491' title='bbox 666 4392 822 4460; x_wconf 79' lang='lat' dir='ltr'><em>Castele&#39;ns</em></span> <span class='ocrx_word' id='word_1_492' title='bbox 842 4397 936 4459; x_wconf 82' lang='lat' dir='ltr'><em>mtreo</em></span> <span class='ocrx_word' id='word_1_493' title='bbox 959 4400 1090 4458; x_wconf 80' lang='lat' dir='ltr'><em>terrente</em></span> <span class='ocrx_word' id='word_1_494' title='bbox 1110 4402 1296 4476; x_wconf 84' lang='lat' dir='ltr'><em>snperbna</em></span> <span class='ocrx_word' id='word_1_495' title='bbox 1332 4394 1510 4483; x_wconf 78' lang='lat' dir='ltr'><em>snperbns</em></span> <span class='ocrx_word' id='word_1_496' title='bbox 1531 4392 1603 4460; x_wconf 82' lang='lat' dir='ltr'><em>XO.</em></span> <span class='ocrx_word' id='word_1_497' title='bbox 1635 4396 1813 4479; x_wconf 83' lang='lat' dir='ltr'><em>snperbe&#39;t,</em></span> 
     </span>
     <span class='ocr_line' id='line_1_40' title="bbox 58 4499 1813 4591; baseline -0.002 -21"><span class='ocrx_word' id='word_1_498' title='bbox 58 4506 143 4591; x_wconf 93' lang='lat' dir='ltr'><em>quod</em></span> <span class='ocrx_word' id='word_1_499' title='bbox 166 4509 252 4570; x_wconf 91' lang='lat' dir='ltr'><em>recte</em></span> <span class='ocrx_word' id='word_1_500' title='bbox 277 4501 455 4568; x_wconf 81' lang='lat' dir='ltr'><em>Scriverius</em></span> <span class='ocrx_word' id='word_1_501' title='bbox 479 4501 615 4586; x_wconf 90' lang='lat' dir='ltr'><em>recepit,</em></span> <span class='ocrx_word' id='word_1_502' title='bbox 637 4523 703 4566; x_wconf 90' lang='lat' dir='ltr'><em>non</em></span> <span class='ocrx_word' id='word_1_503' title='bbox 721 4502 817 4566; x_wconf 90' lang='lat' dir='ltr'><em>modo</em></span> <span class='ocrx_word' id='word_1_504' title='bbox 837 4501 876 4585; x_wconf 93' lang='lat' dir='ltr'><em>P,</em></span> <span class='ocrx_word' id='word_1_505' title='bbox 900 4500 1075 4566; x_wconf 89' lang='lat' dir='ltr'><em>sedetiam</em></span> <span class='ocrx_word' id='word_1_506' title='bbox 1098 4502 1201 4586; x_wconf 87' lang='lat' dir='ltr'><em>ipsius</em></span> <span class='ocrx_word' id='word_1_507' title='bbox 1220 4501 1363 4565; x_wconf 88' lang='lat' dir='ltr'><em>familiae</em></span> <span class='ocrx_word' id='word_1_508' title='bbox 1385 4499 1430 4565; x_wconf 72' lang='lat'><em>0⁸</em></span> <span class='ocrx_word' id='word_1_509' title='bbox 1448 4501 1524 4565; x_wconf 93' lang='lat' dir='ltr'><em>libri</em></span> <span class='ocrx_word' id='word_1_510' title='bbox 1542 4500 1615 4566; x_wconf 88' lang='lat' dir='ltr'><em>BV.</em></span> <span class='ocrx_word' id='word_1_511' title='bbox 1648 4502 1813 4584; x_wconf 81' lang='lat' dir='ltr'><em>sreperbe&#39;s</em></span> 
     </span>
    </p>
   </div>
   <div class='ocr_carea' id='block_1_8' title="bbox 57 4745 1829 5085">
    <p class='ocr_par' dir='ltr' id='par_1_8' title="bbox 219 4745 1811 4820">
     <span class='ocr_line' id='line_1_41' title="bbox 219 4745 1811 4820; baseline -0.002 -15"><span class='ocrx_word' id='word_1_512' title='bbox 219 4753 263 4820; x_wconf 84' lang='lat'><em>14)</em></span> <span class='ocrx_word' id='word_1_513' title='bbox 281 4747 483 4802; x_wconf 85' lang='lat' dir='ltr'><em>Hirschfeld</em></span> <span class='ocrx_word' id='word_1_514' title='bbox 508 4746 539 4800; x_wconf 92' lang='lat' dir='ltr'><em>in</em></span> <span class='ocrx_word' id='word_1_515' title='bbox 557 4746 671 4801; x_wconf 90' lang='lat' dir='ltr'><em>Wiener</em></span> <span class='ocrx_word' id='word_1_516' title='bbox 690 4746 808 4800; x_wconf 85' lang='lat' dir='ltr'><em>Studien·</em></span> <span class='ocrx_word' id='word_1_517' title='bbox 826 4747 851 4813; x_wconf 82' lang='lat' dir='ltr'>I,</span> <span class='ocrx_word' id='word_1_518' title='bbox 878 4764 961 4815; x_wconf 91' lang='lat' dir='ltr'><em>quem</em></span> <span class='ocrx_word' id='word_1_519' title='bbox 979 4746 1083 4801; x_wconf 90' lang='lat' dir='ltr'><em>librum</em></span> <span class='ocrx_word' id='word_1_520' title='bbox 1102 4764 1154 4816; x_wconf 86' lang='lat' dir='ltr'><em>ego</em></span> <span class='ocrx_word' id='word_1_521' title='bbox 1173 4764 1229 4800; x_wconf 91' lang='lat' dir='ltr'><em>non</em></span> <span class='ocrx_word' id='word_1_522' title='bbox 1248 4745 1320 4813; x_wconf 85' lang='lat' dir='ltr'><em>vidi,</em></span> <span class='ocrx_word' id='word_1_523' title='bbox 1340 4745 1462 4801; x_wconf 89' lang='lat' dir='ltr'><em>coniecit</em></span> <span class='ocrx_word' id='word_1_524' title='bbox 1484 4754 1628 4802; x_wconf 82' lang='lat' dir='ltr'><em>taetrnm</em></span> <span class='ocrx_word' id='word_1_525' title='bbox 1645 4765 1696 4817; x_wconf 91' lang='lat' dir='ltr'><em>pro</em></span> <span class='ocrx_word' id='word_1_526' title='bbox 1715 4764 1811 4802; x_wconf 87' lang='lat' dir='ltr'><em>sermm.</em></span> 
     </span>
    </p>

    <p class='ocr_par' dir='ltr' id='par_1_9' title="bbox 57 4826 1829 5085">
     <span class='ocr_line' id='line_1_42' title="bbox 219 4826 1813 4910; baseline -0.001 -18"><span class='ocrx_word' id='word_1_527' title='bbox 219 4843 262 4907; x_wconf 79' lang='lat'><em>15)</em></span> <span class='ocrx_word' id='word_1_528' title='bbox 280 4837 374 4892; x_wconf 82' lang='lat' dir='ltr'><em>Etiam</em></span> <span class='ocrx_word' id='word_1_529' title='bbox 388 4840 434 4910; x_wconf 90' lang='lat' dir='ltr'><em>X,</em></span> <span class='ocrx_word' id='word_1_530' title='bbox 449 4839 530 4910; x_wconf 80' lang='lat'><em>10,8</em></span> <span class='ocrx_word' id='word_1_531' title='bbox 549 4835 613 4890; x_wconf 80' lang='lat' dir='ltr'><em>ino</em></span> <span class='ocrx_word' id='word_1_532' title='bbox 633 4838 698 4890; x_wconf 79' lang='lat' dir='ltr'><em>isse</em></span> <span class='ocrx_word' id='word_1_533' title='bbox 717 4838 876 4890; x_wconf 88' lang='lat' dir='ltr'><em>correctura</em></span> <span class='ocrx_word' id='word_1_534' title='bbox 894 4853 955 4890; x_wconf 86' lang='lat' dir='ltr'><em>esse</em></span> <span class='ocrx_word' id='word_1_535' title='bbox 970 4835 1029 4889; x_wconf 89' lang='lat' dir='ltr'><em>eius</em></span> <span class='ocrx_word' id='word_1_536' title='bbox 1044 4835 1167 4904; x_wconf 84' lang='lat' dir='ltr'><em>videtur,</em></span> <span class='ocrx_word' id='word_1_537' title='bbox 1188 4836 1263 4904; x_wconf 89' lang='lat' dir='ltr'><em>quod</em></span> <span class='ocrx_word' id='word_1_538' title='bbox 1282 4835 1312 4888; x_wconf 92' lang='lat' dir='ltr'><em>in</em></span> <span class='ocrx_word' id='word_1_539' title='bbox 1330 4835 1385 4889; x_wconf 87' lang='grc' dir='ltr'><em>ΧΑ</em></span> <span class='ocrx_word' id='word_1_540' title='bbox 1399 4835 1518 4904; x_wconf 83' lang='lat' dir='ltr'><em>legItur:</em></span> <span class='ocrx_word' id='word_1_541' title='bbox 1538 4838 1608 4890; x_wconf 80' lang='lat' dir='ltr'><em>n&#39;ste.</em></span> <span class='ocrx_word' id='word_1_542' title='bbox 1638 4826 1744 4891; x_wconf 81' lang='lat' dir='ltr'><em>Tamen</em></span> <span class='ocrx_word' id='word_1_543' title='bbox 1757 4854 1813 4891; x_wconf 90' lang='lat' dir='ltr'><em>non</em></span> 
     </span>
     <span class='ocr_line' id='line_1_43' title="bbox 57 4923 1829 5000; baseline -0.003 -16"><span class='ocrx_word' id='word_1_544' title='bbox 57 4930 175 4994; x_wconf 88' lang='lat' dir='ltr'><em>suadeo,</em></span> <span class='ocrx_word' id='word_1_545' title='bbox 194 4929 226 4980; x_wconf 92' lang='lat' dir='ltr'><em>ut</em></span> <span class='ocrx_word' id='word_1_546' title='bbox 245 4945 308 4980; x_wconf 92' lang='lat' dir='ltr'><em>cum</em></span> <span class='ocrx_word' id='word_1_547' title='bbox 321 4927 373 5000; x_wconf 82' lang='lat' dir='ltr'><em>Pp</em></span> <span class='ocrx_word' id='word_1_548' title='bbox 394 4927 428 4997; x_wconf 84' lang='lat' dir='ltr'><em>(T</em></span> <span class='ocrx_word' id='word_1_549' title='bbox 442 4943 499 4980; x_wconf 89' lang='lat' dir='ltr'><em>non</em></span> <span class='ocrx_word' id='word_1_550' title='bbox 517 4926 604 4978; x_wconf 90' lang='lat' dir='ltr'><em>habet</em></span> <span class='ocrx_word' id='word_1_551' title='bbox 622 4925 659 4992; x_wconf 90' lang='lat' dir='ltr'><em>X,</em></span> <span class='ocrx_word' id='word_1_552' title='bbox 677 4928 720 4994; x_wconf 89' lang='lat'><em>10)</em></span> <span class='ocrx_word' id='word_1_553' title='bbox 741 4927 770 4979; x_wconf 89' lang='lat' dir='ltr'><em>et</em></span> <span class='ocrx_word' id='word_1_554' title='bbox 789 4924 929 4979; x_wconf 85' lang='lat' dir='ltr'><em>Scriverio</em></span> <span class='ocrx_word' id='word_1_555' title='bbox 947 4927 997 4979; x_wconf 84' lang='lat' dir='ltr'><em>a&#39;re</em></span> <span class='ocrx_word' id='word_1_556' title='bbox 1015 4924 1204 4979; x_wconf 83' lang='lat' dir='ltr'><em>exhibeamus.</em></span> <span class='ocrx_word' id='word_1_557' title='bbox 1241 4923 1313 4978; x_wconf 88' lang='lat' dir='ltr'><em>Nam</em></span> <span class='ocrx_word' id='word_1_558' title='bbox 1328 4923 1427 4978; x_wconf 88' lang='lat' dir='ltr'><em>dubito</em></span> <span class='ocrx_word' id='word_1_559' title='bbox 1442 4941 1478 4978; x_wconf 87' lang='lat' dir='ltr'><em>an</em></span> <span class='ocrx_word' id='word_1_560' title='bbox 1496 4927 1546 4979; x_wconf 76' lang='lat' dir='ltr'><em>iste</em></span> <span class='ocrx_word' id='word_1_561' title='bbox 1559 4928 1640 4979; x_wconf 85' lang='lat' dir='ltr'><em>vetus</em></span> <span class='ocrx_word' id='word_1_562' title='bbox 1655 4926 1829 4995; x_wconf 50' lang='lat' dir='ltr'><em>corruptela*</em></span> 
     </span>
     <span class='ocr_line' id='line_1_44' title="bbox 57 5012 1710 5085; baseline -0.001 -14"><span class='ocrx_word' id='word_1_563' title='bbox 57 5014 204 5085; x_wconf 86' lang='lat' dir='ltr'><em>archetypi</em></span> <span class='ocrx_word' id='word_1_564' title='bbox 222 5016 346 5071; x_wconf 91' lang='lat' dir='ltr'><em>omnium</em></span> <span class='ocrx_word' id='word_1_565' title='bbox 363 5015 500 5070; x_wconf 89' lang='lat' dir='ltr'><em>librorum</em></span> <span class='ocrx_word' id='word_1_566' title='bbox 518 5014 555 5068; x_wconf 87' lang='lat' dir='ltr'><em>sit</em></span> <span class='ocrx_word' id='word_1_567' title='bbox 573 5017 634 5084; x_wconf 89' lang='lat' dir='ltr'><em>(pro</em></span> <span class='ocrx_word' id='word_1_568' title='bbox 645 5016 728 5084; x_wconf 45' lang='lat' dir='ltr'><em>&#39;isse),·‘</em></span> <span class='ocrx_word' id='word_1_569' title='bbox 746 5013 777 5067; x_wconf 93' lang='lat' dir='ltr'><em>in</em></span> <span class='ocrx_word' id='word_1_570' title='bbox 794 5013 850 5067; x_wconf 88' lang='lat' dir='ltr'><em>XA</em></span> <span class='ocrx_word' id='word_1_571' title='bbox 869 5017 991 5082; x_wconf 81' lang='lat' dir='ltr'><em>servata,</em></span> <span class='ocrx_word' id='word_1_572' title='bbox 1010 5013 1039 5067; x_wconf 91' lang='lat' dir='ltr'><em>in</em></span> <span class='ocrx_word' id='word_1_573' title='bbox 1058 5012 1078 5068; x_wconf 77' lang='lat' dir='ltr'>O</span> <span class='ocrx_word' id='word_1_574' title='bbox 1099 5017 1128 5068; x_wconf 88' lang='lat' dir='ltr'><em>et</em></span> <span class='ocrx_word' id='word_1_575' title='bbox 1146 5012 1290 5068; x_wconf 89' lang='lat' dir='ltr'><em>codicibus</em></span> <span class='ocrx_word' id='word_1_576' title='bbox 1309 5012 1434 5068; x_wconf 84' lang='lat' dir='ltr'><em>familiae</em></span> <span class='ocrx_word' id='word_1_577' title='bbox 1453 5014 1475 5067; x_wconf 92' lang='lat' dir='ltr'>B</span> <span class='ocrx_word' id='word_1_578' title='bbox 1494 5013 1571 5070; x_wconf 88' lang='lat' dir='ltr'><em>varie</em></span> <span class='ocrx_word' id='word_1_579' title='bbox 1591 5014 1710 5069; x_wconf 84' lang='lat' dir='ltr'><em>sublata.</em></span> 
     </span>
    </p>
   </div>
   <div class='ocr_carea' id='block_1_9' title="bbox 0 0 2010 5662">
    <p class='ocr_par' dir='ltr' id='par_1_10' title="bbox 0 0 2010 5662">
     <span class='ocr_line' id='line_1_45' title="bbox 0 0 2010 5662; baseline 0 0"><span class='ocrx_word' id='word_1_580' title='bbox 0 0 2010 5662; x_wconf 95' lang='lat' dir='ltr'><em> </em></span> 
     </span>
    </p>
   </div>
  </div>
 </body>
</html>
