4012 5662
979 178 1027 246 ιι

118 378 353 468 'lunatumque
381 386 491 450 ceriten
513 386 648 470 recepit,
674 391 707 450 et
733 383 846 470 (Aead.
864 384 940 450 Alb.
958 385 1085 470 Regim.
1108 381 1276 471 1879111)
1301 384 1365 470 III,
1380 386 1438 471 46,
1452 386 1487 468 5,
1509 384 1566 449 ubi
1589 389 1699 449 tamen
1722 384 1879 449 memoria

125 491 237 576 lapsus
269 489 546 556 Schneidewinum
576 491 677 556 int
640 516 661 556 ιι
662 476 875 577 traquet
808 492 875 557 edit
876 493 949 557 ione
980 515 1000 556 a
1030 491 1136 557 codice
1166 490 1194 555 Τ
1223 491 1394 556 recessisse
1425 491 1517 575 dicit,
1546 503 1654 555 carneos
1676 512 1735 576 pre
1759 496 1894 555 cunctos

127 598 333 663 scribentem.
363 621 438 663 nam
469 588 558 662 uiua
557 619 590 663 os
620 603 652 663 et
675 598 819 663 omnium
849 599 1006 664 librorum
1038 598 1134 664 lectio
1159 603 1266 663 estet
1288 598 1323 662 in
1346 598 1454 684 priore
1478 595 1711 662 Schneidewini
1737 598 1878 680 editione

127 709 317 771 servatum.
344 705 419 789 Ipse
443 704 526 769 addo
549 687 609 769 hos
633 706 736 770 locos:

287 811 646 895 1.111,521eupu
674 784 781 878 domus
802 813 942 892 fueratt
895 813 985 879 ttiib
988 756 1221 898 ,Toupiliaua
1244 813 1396 876 ducenis
1419 808 1503 898 (scil.
1522 809 1655 875 milibus
1679 807 1779 898 sest..)
1826 809 1879 877 Sic
1908 851 1909 854 =

125 918 199 982 inde
218 941 238 982 ι
253 915 410 983 Scriverio
425 917 507 1003 legit
508 941 560 1004 ur,
580 919 744 984 cumlibri
759 919 933 984 exhibeant
947 864 1093 984 dcicent
1064 925 1121 984 ιιι
1159 917 1286 982 Adii
1255 941 1361 983 ιιιιιιιι
1379 917 1606 983 doctissimum
1629 917 1725 981 Huu
1713 918 1879 1003 tscbiuru,
1980 959 1984 965 -

126 1025 181 1110 qui
204 1025 344 1114 benigne
366 1025 447 1090 haec
469 1047 594 1090 mecum
616 1026 878 1091 communicavit:
903 1025 1140 1091 Conferendum
1165 1029 1215 1089 est
1233 1024 1362 1093 Horatii
1386 1024 1468 1088 illud
1494 1021 1575 1108 (sac.
1594 1023 1640 1109 ll,
1655 1024 1689 1109 3,
1704 1023 1761 1109 69)
1784 1025 1879 1089 scribe

125 1134 223 1220 duern
241 1147 262 1197 a
275 1129 372 1197 Nerio
378 1115 625 1218 ,acceduntque
639 1132 771 1217 plurimi
790 1133 841 1197 illi
856 1133 933 1218 loci,
953 1133 1070 1218 quibus
1084 1134 1213 1196 durnin
1231 1135 1264 1195 et
1278 1130 1400 1195 similia
1415 1130 1526 1195 addito
1541 1131 1698 1196 vocabulo
1713 1133 1804 1210 inilia
1822 1136 1879 1197 aut

123 1240 260 1304 sestertia
288 1239 456 1323 leguntur·
488 1261 591 1324 neque
622 1237 708 1305 enim
739 1245 804 1325 est,
835 1262 891 1305 cur
921 1239 1180 1304 distributive
1210 1242 1323 1302 utatur
1354 1240 1464 1322 poeta,
1495 1238 1524 1302 si
1557 1239 1694 1303 sestertia
1724 1242 1757 1303 et
1788 1240 1879 1304 uilia

125 1345 257 1410 omittit.
234 1344 401 1409 Ptlura
430 1346 469 1410 de
493 1346 555 1410 hac
578 1369 612 1410 re
637 1347 710 1411 vide
736 1346 943 1412 Grieehisohe
967 1345 1033 1410 und
1056 1345 1216 1410 romische
1238 1343 1308 1409 Met
1293 1344 1434 1428 rologre
1457 1367 1488 1428 p
1507 1343 1599 1410 2942

285 1453 315 1517 2.
337 1451 390 1525 IV,
406 1453 503 1524 78,:8
545 1452 755 1536 Siperosque
783 1474 881 1518 rueres
910 1452 1151 1534 Partheniosque
1179 1471 1279 1518 sonas.
1330 1450 1422 1514 Libri
1452 1451 1574 1514 habent
1603 1472 1714 1516 omnes
1746 1452 1878 1536 Siparios

125 1556 197 1646 (aut
215 1556 379 1644 Sipereos),
397 1559 480 1624 nulli
499 1559 633 1644 Siper‘os,
653 1563 741 1625 recta
761 1568 870 1625 autem
889 1565 939 1624 est
958 1563 1096 1644 utraque
1114 1557 1256 1623 nominis
1274 1557 1380 1622 forma
1403 1554 1492 1643 (vide
1506 1557 1736 1622 Friedlaender
1755 1557 1874 1624 Sitten-

125 1665 310 1752 geschichte
339 1664 381 1751 1⁵,
398 1667 470 1752 101,
484 1663 530 1752 4).
586 1667 716 1751 Itaque,
746 1689 943 1752 quamquam
972 1664 1111 1732 secunda
1139 1665 1268 1749 syllaba
1296 1663 1486 1749 producitur
1514 1661 1760 1751 (Friedlaender
1787 1666 1807 1729 1.
1827 1661 1877 1752 a),

123 1774 336 1838 nihilominus
366 1773 531 1855 Siparios
560 1777 610 1848 est
634 1774 835 1838 serrandum.
881 1773 968 1838 Nam
997 1773 1032 1837 in
1054 1772 1240 1837 nominibus
1264 1770 1405 1855 propriis
1432 1775 1509 1855 post
1531 1770 1671 1856 liquidas
1701 1772 1770 1835 ιιι
1792 1773 1878 1857 apud

123 1880 307 1945 Martialem
330 1881 474 1945 vocalem
497 1882 511 1944 i
533 1880 590 1964 per
614 1880 776 1964 synizesin
799 1902 871 1944 cum
894 1879 1079 1964 insequenti
1102 1879 1208 1943 vocali
1227 1878 1406 1942 coalescere
1424 1900 1534 1964 posse,
1557 1878 1597 1943 iis
1618 1879 1695 1943 solis
1709 1879 1876 1944 *editorum

122 2007 243 2071 negare
266 1986 356 2070 licet,
380 1987 434 2072 qui
456 1986 605 2072 11‚29,5
630 1984 731 2073 (nius
753 1987 812 2053 olet
841 1991 898 2051 toto
923 1988 1052 2070 piupuis
1082 2004 1169 2051 cornu
1200 1985 1465 2071 Marcelliano,
1494 1985 1580 2071 quod
1612 1985 1695 2057 mira
1718 1985 1756 2050 de
1781 2007 1877 2068 causa

123 2094 260 2158 monstri
289 2093 395 2158 simile
424 2094 553 2159 videtur
575 2095 650 2159 Iuc.
668 2095 818 2159 Muellero
840 2092 891 2158 De
911 2115 945 2157 re
967 2094 1093 2158 metrica
1115 2117 1147 2178 p.
1165 2087 1244 2180 256)
1269 2090 1422 2157 Salmasii
1445 2092 1661 2157 coniecturam
1683 2093 1877 2159 Marcellano

123 2201 350 2284 probaverunt.
402 2201 513 2264 Etiam
544 2203 571 2268 1.
586 2200 691 2272 108,3
720 2224 778 2285 pro
817 2202 1013 2286 Vipsanas,
1049 2199 1134 2285 quod
1166 2199 1200 2263 in
1230 2200 1322 2265 libris
1354 2204 1418 2284 est,
1453 2199 1588 2265 Roiius
1616 2200 1698 2264 bene
1728 2201 1878 2266 restituit

130 2307 340 2390 Vipsanius.
376 2307 508 2370 Etenim
526 2306 591 2370 nisi
605 2329 625 2370 a
640 2307 716 2371 viris
731 2308 902 2386 titulorum
916 2307 1137 2372 Romanorum
1153 2306 1268 2390 peritis
1285 2307 1541 2371 demonstratum
1556 2306 1619 2372 erit
1637 2310 1670 2371 et
1683 2308 1877 2373 Marcellano

124 2418 157 2478 et
181 2414 334 2497 Vipsanas
358 2413 420 2478 dici
443 2435 553 2498 posse,
578 2418 611 2477 ιι
630 2413 687 2499 IV,
703 2416 784 2500 78,8
804 2437 876 2479 cum
896 2415 989 2479 libris
1008 2413 1176 2496 diperios
1195 2416 1227 2477 et
1246 2413 1401 2498 1,1os,3
1422 2415 1535 2477 contra
1553 2413 1654 2477 libros
1679 2414 1877 2497 Vipsanius

124 2520 327 2585 scribendum
350 2522 410 2585 est.
1062 2554 1065 2559 ·

126 2656 128 2661 ·
215 2665 217 2671 ·
282 2629 312 2693 3.
335 2627 556 2699 V1‚ssss‚3⁵⁸·÷
588 2625 780 2717 (Ancillam)
807 2614 952 2694 cudebat
972 2629 1060 2693 ruodo
1076 2647 1189 2710 praeco
1214 2626 1385 2692 Gellianus

804 2735 908 2799 Pareo
930 2756 1000 2800 curn
1018 2736 1117 2816 pretio
1140 2736 1195 2799 diu
1219 2734 1385 2816 licerent,

752 2842 781 2907 5.
804 2842 892 2906 Duru
908 2862 1026 2924 pururu
1049 2842 1133 2925 cupit
1153 2840 1322 2931 approbare
1344 2840 1471 2924 cuncta,

804 2946 948 3013 Αιιιιιιιιι
962 2970 1060 3031 prope
1081 2969 1113 3014 sc
1135 2968 1232 3012 nanu
1254 2952 1415 3029 ιιιιιιιιιιιι

804 3055 851 3120 Er
871 3056 916 3119 bis
940 3061 1040 3137 terque
1062 3061 1224 3137 quaurqne
1246 3054 1384 3118 busiaoit.

808 3163 890 3242 Quid
904 3163 1070 3245 profecerit
1091 3162 1204 3245 oscedo,
1226 3155 1380 3248 requiris?

806 3269 960 3334 Sescentos
981 3271 1069 3335 ruodo
1091 3271 1145 3351 qui
1167 3269 1274 3352 dabat,
1296 3267 1426 3348 ιιιιιιιι.

122 3376 208 3441 Μι1ι
231 3398 260 3438 ι.
280 3376 302 3439 4
325 3374 586 3441 Schneidewinus
617 3375 651 3439 in
681 3376 785 3439 altera
815 3375 957 3440 editione
987 3398 1026 3440 ex
1052 3374 1206 3440 Gronovii
1237 3374 1420 3438 coniectura
1450 3373 1605 3438 licerent
1634 3373 1765 3438 exhibet
1789 3371 1875 3460 („als

124 3504 200 3545 man
229 3482 326 3567 lange
355 3505 415 3546 nur
437 3482 565 3567 niedrig
594 3478 703 3567 bot“);
733 3505 808 3546 nam
839 3482 886 3547 sio
916 3483 1075 3547 dicerentur
1104 3482 1275 3547 dicendum
1306 3484 1383 3545 erat.
1430 3479 1518 3545 Bene
1550 3503 1584 3544 se
1611 3482 1712 3546 habet
1735 3482 1874 3567 liceret,

123 3589 209 3672 quod
239 3589 274 3652 in
304 3589 454 3653 omnibus
484 3589 576 3653 libris
608 3594 670 3673 est,
699 3589 863 3672 significat
891 3593 1001 3654 autem
1024 3595 1081 3654 aut
1102 3590 1174 3675 „als
1199 3589 1250 3653 die
1274 3587 1373 3674 Magd
1396 3587 1493 3671 lange
1516 3587 1569 3651 fur
1591 3587 1760 3673 niedrigen
1782 3587 1873 3653 Preis

121 3693 301 3760 feilstand“
325 3700 381 3760 aut
405 3692 539 3780 (collato
559 3695 643 3760 Plin.
661 3718 691 3759 n.
711 3695 741 3759 h.
766 3695 823 3780 35,
845 3693 901 3780 88)
935 3697 1006 3780 „als
1030 3697 1086 3761 der
1109 3678 1409 3761 Auktionatordie
1438 3693 1540 3779 Magd
1569 3695 1667 3779 lange
1697 3694 1750 3758 fiir
1780 3696 1874 3760 einen

121 3801 292 3886 niedrigen
321 3802 411 3866 Preis
443 3799 591 3866 ausbot“.
638 3801 794 3887 Offendit,
825 3801 951 3894 opinor,
981 3803 1032 3866 vir
1062 3803 1174 3867 doetus
1205 3803 1240 3866 in
1269 3803 1330 3867 hac
1360 3801 1517 3866 librorum
1547 3801 1699 3886 lectione,
1730 3802 1816 3886 quod
1845 3803 1874 3866 si

121 3908 316 3974 nostratium
347 3909 513 3974 auctiones
544 3908 740 3993 consideras,
771 3931 853 3994 quae
876 3931 992 3993 praeco
1022 3908 1147 3992 vendit,
1177 3909 1232 3973 diu
1255 3910 1368 3974 eodem
1391 3908 1496 3992 pretio
1519 3908 1616 3972 licere
1640 3930 1704 3972 non
1727 3915 1873 3993 possunt.

123 4014 186 4080 Sed
217 4015 282 4079 alia
312 4018 381 4079 erat
411 4016 497 4100 apud
519 4015 683 4080 Romanos
714 4016 900 4080 auctionum
930 4016 1143 4107 consuetudo,
1173 4016 1258 4101 apud
1289 4038 1369 4102 quos
1400 4015 1525 4096 auctius
1555 4015 1697 4104 pretium
1725 4037 1804 4101 non,
1837 4020 1874 4080 ut

122 4122 207 4208 apud
238 4144 310 4206 nos,
341 4126 535 4207 emptorem,
566 4123 621 4187 sed
651 4123 759 4206 ipsum
789 4122 981 4207 praeconem
1011 4123 1212 4207 nominasse,
1236 4126 1414 4208 emptorem
1438 4126 1561 4205 autem,
1585 4121 1613 4185 si
1636 4120 1771 4186 daturus
1795 4127 1874 4208 erat,

123 4229 289 4312 adnuisse,
319 4251 392 4294 mea
421 4230 551 4313 quidem
582 4229 733 4313 opinione
757 4251 774 4293 e
798 4228 945 4294 Suetonii
967 4230 1211 4295 narratiuncula
1241 4229 1359 4316 (Ualig.
1378 4226 1436 4315 38)
1460 4232 1609 4312 apparet:
1631 4226 1726 4317 ,Nota
1752 4249 1801 4292 res
1822 4236 1873 4313 est,

122 4337 246 4420 Aponio
269 4335 441 4401 Saturnino
469 4338 550 4400 inter
578 4335 722 4400 subsellia
751 4337 946 4422 dormitante,
969 4339 1120 4402 monitura
1143 4359 1164 4401 a
1187 4336 1269 4402 Gaio
1284 4357 1482 4420 praecauere,
1504 4356 1542 4400 ne
1557 4336 1750 4417 praetorium
1771 4337 1874 4398 uirurn

122 4445 223 4510 crebro
246 4445 355 4527 cupitis
379 4448 463 4507 ructu
480 4447 640 4506 ιιιιιιιιιιι
658 4443 718 4506 sibi
733 4444 931 4526 praeteriret;
954 4465 1008 4508 nec
1026 4444 1136 4508 licendi
1152 4443 1247 4523 duem
1262 4443 1392 4528 factum,
1411 4443 1513 4525 quoad
1529 4443 1669 4506 tredecim
1688 4441 1873 4524 pladiutores

121 4554 255 4618 sestertio
279 4551 427 4633 nouapies
448 4551 605 4632 ipuorunti
627 4551 848 4614 addicerentur.
866 4587 909 4596 -
930 4549 1081 4616 Ceterum
1101 4550 1239 4615 miretur
1258 4550 1346 4635 quis,
1365 4571 1429 4635 quo
1449 4549 1518 4613 iure
1537 4549 1600 4614 v.9
1624 4551 1768 4613 ιιειιιιοι
1786 4549 1873 4613 uodo

121 4662 176 4742 qui
193 4660 297 4743 dabat,
316 4658 443 4739 ιιιιιιιι.
486 4655 548 4721 Sed
571 4655 681 4720 licitus
705 4660 776 4721 'erat
799 4658 950 4722 ancillam
980 4680 1107 4742 puram:
1136 4680 1217 4743 quae
1246 4680 1284 4722 ιι
1304 4679 1367 4741 quo
1387 4656 1553 4740 praeconis
1573 4655 1684 4720 osculo
1702 4655 1873 4739 inquinata

123 4770 186 4850 est,
214 4787 280 4831 non
309 4765 375 4828 iam
406 4763 547 4849 obligari
575 4785 609 4829 se
632 4765 771 4848 putabat
793 4764 963 4848 promisso.
1005 4762 1156 4830 'Sescenti
1179 4769 1289 4829 autem
1312 4764 1362 4828 illi
1385 4763 1528 4829 sestertii
1552 4766 1645 4828 erant
1667 4761 1701 4826 id
1723 4761 1873 4846 pretium,

122 4877 198 4957 post
222 4871 321 4958 quod,
345 4893 541 4957 quamquam
564 4871 661 4955 paulo
685 4872 790 4936 maius
813 4893 929 4956 praeco
949 4872 1146 4937 clamaverat
1165 4868 1213 4957 (id
1233 4870 1318 4956 quod
1341 4893 1371 4935 v.
1388 4870 1558 4953 4paruuru
1574 4870 1711 4952 pretium
1730 4864 1873 4955 dicitur),

121 5001 217 5045 nemo
240 4979 306 5044 iem
330 5001 455 5064 eorum,
479 4977 535 5063 qui
559 4979 706 5062 aderant,
729 4977 838 5042 licitus
862 4983 921 5042 est.
966 5040 969 5045 ,
1371 4960 1373 4964 ’
